4092 5150
479 427 542 489 108
810 418 1189 488 ANNOTATIONES

476 602 535 663 λῶς
550 597 610 675 άμο
625 596 731 680 Πέτριρ
741 599 781 682 ιφ
792 596 1025 680 άρχιεπισκόπιρ,
1038 596 1198 659 ἐπίσκοποί
1206 619 1239 658 τε
1250 594 1300 658 καί
1310 594 1403 659 άλλοι
1412 595 1510 676 ὀλίγοι.

478 701 526 763 καὶ
545 699 662 773 λοιπὸν,
678 700 759 763 οὖτοι
780 699 911 762 κατιδίαν
925 700 1064 781 ηύχοντο,
1081 698 1130 762 καὶ
1148 698 1229 761 οὗτοι
1246 698 1391 770 κατιδίαν,
1407 698 1455 761 καὶ
1472 699 1515 763 τδι

476 804 575 871 άλλας
589 802 753 884 ἱερουργίας
767 802 906 868 ὁσαύττις
921 802 1047 868 ἔκαστος
1061 800 1119 884 ἰδίη
1133 799 1281 865 ἐπετέλει.

521 907 638 968 Γίνεται
652 906 685 967 δέ
700 904 819 985 Πέτρον
832 906 1027 984 μαρτυρῆσαι,
1044 904 1091 966 καὶ
1102 898 1260 980 ἐτελειάάη
1270 901 1287 962 ό
1297 898 1453 980 μακάριος,
1464 898 1517 964 διά·

476 1010 568 1088 δοχον
583 1007 772 1086 καταλείψας
786 1003 991 1088 Ἀλέξανδρον
1010 1008 1045 1069 ἐν
1064 1003 1336 1092 τῇἈλεξανδρείμ
1359 1002 1450 1070 αύτδς
1467 1006 1518 1085 γάρ

475 1106 643 1190 διαδέχεται
656 1106 710 1170 τόν
721 1110 830 1186 θρόνον
844 1112 919 1188 μετὰ
929 1108 984 1174 τὸν
994 1107 1208 1189 προειρημένον
1220 1105 1348 1187 Πέτρον.
1374 1105 1518 1185 Μελήῐιος

476 1212 509 1273 δέ
523 1211 572 1274 καί
586 1211 675 1273 άλλοι
690 1212 801 1274 πολλοὶ
816 1209 963 1296 έξορισμφ
977 1208 1140 1287 ὑπέπεσον,
1155 1208 1405 1292 ὑπερορισθέντες
1419 1210 1518 1273 ἐντοῖς

476 1314 649 1391 Φαινησίοις
661 1311 833 1392 μετάλλοις.
855 1314 903 1376 καὶ
917 1312 983 1377 τότε
997 1312 1116 1385 λοιπὸν,
1132 1313 1162 1375 οί
1176 1312 1335 1392 σνρόμενοι
1353 1312 1440 1376 όντες
1453 1311 1518 1388 όμο·

475 1417 600 1498 λογηταὶ
622 1417 683 1495 ἅμα
705 1418 858 1501 Μελητίφ,
874 1417 921 1479 καὶ
943 1415 1030 1482 αύτδς
1048 1413 1201 1493 Μελήτιος
1214 1415 1249 1476 ἐν
1268 1415 1305 1500 τῇ
1324 1412 1436 1497 εἱρκτῇ,
1452 1414 1519 1475 κατδ

477 1525 546 1602 (ίοτ.
563 1520 652 1603 κᾷτα)
668 1519 721 1598 τὴν
732 1520 912 1600 ὁδοιπορίαν,
925 1515 988 1581 καό
1000 1516 1129 1597 ἑκάστην
1138 1518 1249 1600 χάραν,
1263 1516 1311 1579 καί
1320 1513 1386 1578 καί
1397 1514 1519 1578 ἕκαστον

475 1623 568 1685 τόπον
582 1623 771 1704 διερχόμενος
791 1624 917 1686 καθίστα
937 1621 1099 1702 κληρικοὺς,
1116 1619 1295 1683 ἐπισκόπους
1307 1641 1351 1693 τε,
1368 1616 1417 1680 καί
1432 1640 1516 1697 πρεσι

475 1722 629 1804 βυτέρους,
644 1725 693 1787 καὶ
705 1725 868 1800 διακόνους,
884 1725 932 1787 καὶ
948 1723 1091 1809 φκοδόμει
1106 1720 1263 1799 ἐκκλησίας
1280 1718 1366 1785 ίδίας·
1389 1718 1438 1782 καὶ
1455 1719 1519 1781 οὔτε

475 1818 555 1884 οὗτοι
574 1823 686 1888 τούτοις
709 1826 782 1903 (cor.
805 1824 940 1902 ἐκεινοῖς)
964 1822 1152 1896 ἐκοινόνονν,
1173 1822 1241 1885 ούτε
1266 1821 1377 1885 ἐκεῖνοι
1397 1823 1518 1887 τούτοις.

476 1922 649 2005 ἐπέγραφον
660 1926 693 1987 δέ
708 1924 832 1990 ἕκαστος
841 1925 874 1987 ἐν
885 1927 919 2009 τῇ
931 1924 989 2007 ἰδίη
1001 1924 1152 2007 ἐκκλησία,
1163 1925 1192 1986 οί
1202 1924 1259 2002 μέν
1269 1922 1328 1986 ἀπὸ
1340 1925 1394 1986 τοῦ
1405 1921 1520 2003 Πέτρον

474 2023 679 2103 διαδεξόμενοι
694 2025 814 2108 ἔχοντες
827 2028 880 2091 τὰς
894 2028 987 2092 οὔσας
1001 2027 1128 2108 ἀρχαίας
1143 2026 1311 2105 ἐκκλησίας,
1322 2026 1370 2088 ότι
1379 2023 1520 2102 ἐκκλησία

475 2127 627 2206 καθολική·
647 2129 676 2190 οί
691 2129 723 2190 δέ
738 2128 796 2191 άπὸ
812 2131 974 2207 Μελητίου,
990 2127 1135 2208 ἐκκλησία
1151 2129 1315 2210 μαρτύρων.
1339 2129 1412 2191 ὅθεν
1427 2128 1476 2190 καὶ
1488 2124 1520 2188 ἐν

474 2227 735 2308 Ἐλενθεροπόλει,
758 2231 807 2292 καὶ
827 2228 863 2293 ἐν
885 2231 971 2316 Γάζῃ,
987 2232 1038 2294 καὶ
1058 2229 1093 2294 ἐν
1116 2234 1206 2316 Αίλίη
1219 2232 1379 2312 παρελθὸν
1397 2231 1415 2292 ό
1438 2228 1519 2295 αι’σδς

475 2332 625 2411 Μελήτιος
639 2334 771 2399 πολλοὺς
786 2335 876 2399 ούτως
896 2331 1114 2417 ἐχειροτόνησε.
1136 2335 1183 2397 καὶ
1202 2333 1330 2416 γέγονεν
1346 2332 1440 2396 αύτδν
1453 2358 1519 2415 χρο-

476 2439 650 2516 νοτριβῆσαι
666 2437 774 2501 ἐντοῖς
788 2437 1009 2517 προειρημένοις
1027 2437 1199 2516 μετάλλοις.
1224 2438 1305 2500 όλλδ
1318 2435 1430 2515 μεταξὺ
1449 2436 1518 2497 άπο·

474 2539 596 2602 λύονται
611 2543 669 2602 τῶν
690 2538 849 2618 μετάλλων
864 2541 893 2603 οἱ
914 2539 1105 2621 ὁμολογηταὶ,
1121 2540 1182 2602 οἵτε
1196 2543 1248 2602 τοῢ
1264 2537 1372 2619 μέρους
1390 2537 1516 2619 Πέτρον·

474 2640 553 2721 ἦσαν
574 2646 632 2724 γδρ
655 2643 698 2706 ἐτι
719 2648 839 2708 πολλοί·
864 2644 911 2707 καὶ
926 2646 955 2707 οἱ
976 2648 1029 2706 τοῦ
1051 2644 1213 2721 Μελητίου.
1238 2643 1305 2705 ούτε
1324 2644 1384 2723 γᾶρ
1404 2639 1441 2706 ἐν
1462 2646 1519 2707 τοῖς

473 2742 634 2820 μετάλλοις
657 2743 801 2824 ἀλλήλοις
821 2741 1042 2823 ἐκοινώνουν,ἢ
1065 2745 1259 2826 συνηύχοντο.
1281 2746 1397 2825 γίνεται
1417 2745 1450 2807 δέ
1469 2743 1519 2806 τὸν

476 2845 629 2924 Μελήτιον
644 2848 687 2909 ἐτι
702 2851 855 2928 διαπρέψαι
870 2845 904 2909 ἐν
919 2849 1019 2931 κόσμῳ
1034 2849 1156 2929 χρόνον,
1172 2848 1210 2914 ὥς
1224 2872 1257 2909 τε
1268 2845 1460 2925 σννακμόσαι
1474 2846 1519 2908 καὶ

474 2945 663 3032 Ἀλεξάνδρῳ
685 2956 725 3034 τῷ
745 2954 797 3012 τοῦ
819 2951 935 3031 Πέτρον
957 2953 1094 3034 διαδόχῳ,
1119 2953 1156 3013 τδ
1177 2951 1255 3031 φίλα
1277 2975 1310 3013 τε
1333 2950 1428 3034 ἐχειν·
1454 2949 1517 3029 ἐμε·

473 3052 562 3130 ρίμνα
576 3077 609 3114 τε
624 3055 661 3114 τὰ
675 3054 742 3132 περὶ
756 3058 806 3130 τῆς
822 3051 980 3130 ἐκκλησίας
995 3053 1044 3115 καὶ
1055 3054 1190 3119 πίστεως.
1205 3052 1282 3134 ἔφην
1294 3055 1352 3134 γαρ
1361 3054 1517 3126 πολλάκις,

476 3155 522 3214 ὅτι
544 3153 630 3216 ούδέν
647 3154 729 3237 εἶχεν
751 3156 1012 3236 παρηλλαγμένον.
1040 3154 1127 3221 αὐτὸς
1144 3159 1201 3236 γὰρ
1220 3154 1307 3222 ούτος
1328 3158 1345 3218 ό
1368 3155 1518 3235 Μελήτιος

474 3256 508 3316 ἐν
530 3253 744 3340 Ἀλεξανδρεία
769 3260 941 3339 γενόμενος,
963 3255 1084 3340 κᾴκεῖσε
1110 3259 1268 3339 διατρίβων
1293 3259 1414 3341 χρόνον,
1441 3259 1518 3341 ἔχων

475 3357 552 3419 ἰδίαν
566 3357 620 3435 τὴν
639 3361 763 3436 σύναξιν
784 3359 840 3421 σὺν
861 3365 922 3425 τοῖς
945 3361 1038 3434 ἰδίοις,
1054 3359 1107 3421 τὸν
1125 3357 1246 3438 Ἀρειον
1271 3358 1432 3440 ἐφώρασεν
1454 3362 1519 3423 άνε-

473 3460 580 3542 νέγκας
596 3459 644 3524 ἐπὶ
658 3462 712 3524 τὸν
724 3460 932 3542 Ἀλέξανδρον.
956 3463 995 3527 ὡς
1009 3461 1139 3544 ἐνηχήθη
1153 3464 1185 3524 δέ
1201 3462 1253 3524 τδν
1263 3460 1387 3541 Ἀρειον
1407 3461 1442 3525 ἐν
1456 3469 1520 3527 ταῖς

475 3561 563 3625 αὐτοῦ
579 3560 757 3644 ἐξηγήσεσιν
779 3564 834 3641 έξω
857 3569 909 3626 τοῦ
931 3564 1123 3645 προκειμένου
1138 3568 1188 3641 τῆς
1207 3564 1332 3628 πίστεως
1353 3566 1516 3642 βεβηκότα·

473 3662 526 3742 (ἦν
541 3669 598 3747 γὰρ
614 3664 699 3732 οὗτος
714 3669 747 3730 ἐν
762 3665 901 3745 Βαυκάλη
915 3671 950 3745 τῇ
962 3664 1105 3749 ἐκκλησίᾳ
1116 3669 1190 3730 οὕτω
1201 3664 1518 3751 καλουμένῃἈλεξαν-

474 3769 571 3846 δρείας
593 3772 804 3850 πρεσβύτερος.
831 3768 893 3832 καθ’
918 3769 1046 3847 ἑκάστην
1068 3772 1125 3850 γὰρ
1150 3771 1191 3834 είς
1211 3770 1415 3849 πρεσβύτερός
1438 3771 1520 3833 ἐστιν

473 3871 720 3953 ἀποτεταγμένος.
742 3870 821 3950 ἦσαν
836 3876 893 3952 γὰρ
907 3873 1021 3934 πολλοὶ
1036 3871 1200 3950 ἐκκλησίαι,
1218 3876 1272 3934 νῦν
1283 3874 1315 3933 δέ
1326 3874 1458 3945 πλείους,
1473 3874 1519 3935 καὶ

472 3974 548 4058 αὐτῷ
570 3975 587 4051 ἡ
609 3976 752 4051 ἐκκλησία
767 3975 979 4057 ἐγκεχείριστο·
1005 3972 1061 4057 κᾷν
1079 4000 1111 4036 τε
1130 3975 1226 4039 ἄλλος
1240 3973 1296 4037 σὺν
1316 3974 1394 4059 αὐτῷ
1408 3972 1455 4053 ἦν.
1478 3977 1519 4038 ὦν

473 4076 560 4139 ένεκα
575 4080 730 4158 γενόμενοι
746 4081 780 4140 ἐν
794 4080 834 4162 τῷ
849 4080 928 4161 τόπῳ
944 4078 1071 4155 λέξομεν
1087 4080 1160 4139 κατὰ
1177 4078 1352 4155 λεπτότητα,
1369 4078 1418 4140 ὅτε
1433 4080 1520 4160 χρεία

472 4180 538 4259 περὶ
560 4182 664 4243 τούτου
687 4181 795 4262 ἔσται.)
820 4181 884 4244 ἐπεὶ
906 4182 959 4243 οὖν
982 4182 1122 4261 ἐφώρασε
1137 4179 1190 4241 τὸν
1209 4177 1331 4258 Ἀρειον
1353 4182 1519 4245 σπουδαίως

471 4279 679 4363 Ἀλέξανδρος,
696 4283 887 4362 συγκαλέσας
903 4284 1080 4348 ἐπισκόπους
1098 4283 1144 4344 καὶ
1164 4279 1302 4353 σύνοδον,
1319 4280 1411 4359 ἐζήτει
1432 4284 1518 4361 όξιῶν

471 4385 537 4464 περὶ
552 4387 688 4460 πίστεως,
704 4386 752 4447 καὶ
772 4386 903 4447 άπαιπῶν
922 4385 974 4447 τὸν
984 4383 1108 4465 Ἀρειον
1122 4385 1188 4463 περὶ
1207 4388 1258 4462 τῆς
1278 4385 1311 4447 ἐν
1326 4384 1404 4469 αύτῷ
1421 4387 1517 4466 ἐγκισ·
