4092 5150
473 429 540 491 814
656 419 930 489 CONCILIUM
957 411 1283 480 ARELATENSE
1307 410 1338 474 1.

476 601 637 676 Gregorius
651 598 816 675 episcopus,
830 594 867 652 de
882 592 946 649 loco
959 591 1010 667 qui
1026 601 1070 647 est
1085 589 1115 645 in
1129 597 1216 665 portu
1232 584 1348 646 Rome.

482 697 637 775 Epictetus
650 694 814 772 episcopus,
829 712 846 747 a
860 687 1077 748 centumcellis.

483 794 625 852 Leontius
638 802 668 849 et
684 790 848 847 Mercurius
862 786 1021 865 presbyteri
1038 785 1074 842 ab
1088 783 1190 841 Ostiis.
1242 791 1345 847 Extant
1366 791 1456 847 omnia
1474 790 1525 844 haec

516 888 659 959 synodalia
670 886 698 939 in
711 896 785 939 tomo
794 884 811 937 i.
828 881 974 936 Harduinae
987 879 1050 935 edit.
1066 880 1248 945 Consiliorum,
1258 898 1304 958 pp.
1315 877 1463 941 πόα-368,

889 1121 1113 1155 ‚4-

984 1262 1028 1326 V.

544 1452 926 1526 *suuscRIPTuM
954 1451 1062 1522 ΙΜΡ.
1092 1446 1465 1522 ΟΟΝὸΤΑΝΤΙΝΙ.

487 1655 677 1738 Rescriptum
701 1651 892 1716 Constantini
914 1651 1048 1735 Aspasti
1066 1659 1136 1735 post
1158 1647 1327 1733 Sysodsos,
1348 1657 1385 1712 at
1403 1647 1451 1712 ad
1469 1665 1532 1709 suos

810 1763 989 1848 provincias
1003 1769 1202 1825 revertantur.

529 1891 758 1957 Constantinus
773 1891 947 1977 Augustus,
963 1890 1118 1975 episcopis
1133 1887 1299 1953 catholicis
1314 1885 1487 1953 carissimis

854 2000 1008 2065 fratribus
1022 1999 1168 2064 salutem.

531 2127 673 2191 AErssss
689 2134 724 2191 st
740 2127 888 2211 religiosa
902 2125 1225 2213 incomprehensibilis
1240 2124 1346 2210 pietas
1362 2123 1425 2188 Dei
1439 2121 1535 2189 nostri

487 2261 688 2324 nequaquam
719 2238 878 2324 permittit
906 2239 1079 2303 humanam
1107 2235 1323 2303 conditionem
1352 2234 1476 2300 diutins
1506 2233 1535 2296 iu

488 2351 629 2416 tenebris
654 2351 803 2415 oberrare
814 2376 823 2427 ;
849 2371 952 2435 neque
973 2349 1097 2436 patitur
1120 2368 1233 2414 exosas
1253 2349 1469 2434 quorumdam
1490 2367 1536 2410 so·

489 2461 629 2526 luntates
650 2484 749 2546 usque
772 2462 803 2523 in
826 2467 953 2525 tantum
975 2461 1158 2546 pervadere,
1180 2468 1304 2526 utnon
1326 2460 1394 2525 suis
1416 2456 1536 2546 praela·

489 2571 621 2636 rissimis
635 2571 805 2636 luminibus
823 2571 928 2636 denuo
947 2572 1090 2663 pandens
1109 2571 1172 2637 ilar
1189 2571 1344 2647 salutare,
1361 2594 1418 2638 aas
1433 2569 1537 2636 datad

492 2684 630 2768 regulam
643 2684 778 2767 justitiae
793 2684 945 2747 converti.
992 2685 1110 2748 Habeo
1125 2683 1241 2769 quippe
1254 2683 1422 2768 cognitum
1436 2680 1536 2747 mutis

491 2794 662 2880 oxeurplis;
687 2795 755 2859 haec
779 2794 888 2857 eadem
916 2817 956 2857 ex
979 2794 1099 2878 meipso
1122 2795 1246 2859 metior.
1292 2794 1442 2860 Fuerant
1463 2793 1537 2859 enim

491 2907 523 2968 iu
539 2928 589 2968 sne
610 2905 853 2990 primitusque
871 2905 1000 2988 justitia
1015 2927 1123 2969 carere
1143 2906 1353 2982 videbantur;
1376 2928 1435 2970 neo
1462 2903 1536 2982 tolla

492 3016 645 3100 putabam
661 3014 766 3077 videre
789 3036 957 3098 supernam
980 3015 1169 3099 potentiam,
1187 3037 1257 3101 quae
1280 3016 1295 3054 ¹¹
1299 3016 1400 3101 juxta
1424 3023 1536 3081 secreta

494 3127 630 3211 pectoris
646 3126 705 3188 mei
721 3148 872 3209 gererem.
920 3126 1077 3211 Equidem
1093 3128 1169 3204 haea,
1187 3135 1223 3192 ut
1245 3127 1322 3201 dixi,
1339 3150 1467 3214 aequam
1481 3128 1533 3190 lor·

495 3246 605 3301 tunam
626 3238 804 3301 debuerunt
824 3238 941 3313 sortiri,
958 3238 1078 3302 scilicet
1094 3238 1240 3302 omnibus
1260 3239 1353 3303 malis
1370 3240 1534 3304 redundan-

496 3358 569 3411 tem.
615 3347 678 3411 Sed
701 3350 789 3411 Deus
809 3349 1009 3432 omnipotens
1028 3348 1060 3411 in
1081 3348 1166 3412 caelis
1188 3371 1245 3432 per
1267 3349 1385 3413 saecula
1407 3349 1532 3412 residens

498 3459 620 3533 tribuit,
646 3459 729 3542 quod
753 3480 816 3521 non
843 3459 997 3522 merebar.
1052 3461 1149 3523 Certo
1171 3460 1240 3544 jam
1266 3482 1369 3546 neque
1395 3460 1467 3537 diei,
1489 3478 1530 3521 ns·

497 3593 557 3655 quo
579 3570 756 3633 enumerari
779 3579 912 3655 possunt
932 3593 982 3648 ea,
1005 3593 1076 3655 quae
1099 3571 1215 3637 caelesti
1237 3594 1296 3638 sua
1318 3573 1352 3636 iu
1374 3595 1426 3637 ma
1448 3572 1528 3636 famu-

497 3680 561 3741 lum
591 3699 682 3742 suum
718 3678 936 3741 benevolentia
968 3680 1134 3759 concessit,
1161 3680 1352 3745 sanctissimi
1385 3677 1525 3746 antistites

499 3787 619 3851 Christi
643 3787 826 3863 Salvatoris‚
843 3788 960 3851 fratros
982 3788 1146 3854 carissimi.
1192 3790 1325 3855 Gaudeo
1343 3791 1441 3877 igitur
1458 3783 1521 3872 equi·

597 4010 612 4046 a
625 4001 665 4047 Ea
675 4000 805 4060 appendice
816 4001 849 4045 od
861 4002 984 4061 Optatam,
996 4009 1019 4049 st
1035 4004 1093 4050 MS.
1109 4003 1174 4050 Ps'tli.
1303 4004 1318 4043 h
1331 4006 1362 4052 al.
1376 4004 1444 4053 intra

533 4136 546 4160 ⁶
558 4132 700 4195 (Substituit
712 4132 855 4179 ilarduiuus
867 4133 974 4194 titulum,
986 4135 1027 4196 qui
1043 4136 1162 4197 sequitur,
1175 4152 1218 4199 pro
1229 4137 1352 4186 Sirmondi
1367 4137 1413 4196 illo,
1424 4141 1515 4197 quemrt

498 4214 593 4284 sauvis
614 4213 731 4260 lllausius.
768 4215 873 4275 Epistola
893 4217 955 4275 Imp.
970 4217 1132 4277 Constantini,
1148 4220 1188 4265 oti
1206 4219 1275 4278 ttae,
1293 4220 1352 4281 quia
1367 4234 1424 4279 pars
1440 4207 1513 4262 Μ

501 4296 612 4356 quomodo
616 4296 727 4354 forenses
737 4298 771 4343 sic
781 4297 884 4355 litipaot
897 4304 923 4342 nt
935 4299 1079 4346 serzenatem
1090 4306 1112 4347 st
1124 4301 1246 4361 appellent
1260 4300 1432 4363 Imperatorem,
1441 4301 1460 4343 tl
1470 4286 1512 4337 Μ’

500 4379 583 4425 derant
594 4379 675 4424 audiri
687 4385 737 4439 post
747 4379 909 4439 episcoporum
917 4380 1047 4441 judicata.)
1151 4386 1170 4444 †
1183 4382 1247 4444 (ser.
1259 4380 1354 4446 ullam.)
