4092 5150
473 410 538 477 264
650 412 921 480 CONCILIUM
947 413 1342 482 ELIBERITANUM.

922 586 1071 650 XXIII.

515 694 738 780 dJejuniorum
763 696 1032 781 superpositiones
1057 718 1115 781 per
1138 696 1280 783 singulos
1304 717 1432 761 meuses
1459 696 1527 782 pls·

473 804 539 870 cuit
562 805 724 882 celebrari,
747 806 890 891 exeeptis
909 805 1021 871 diebus
1041 807 1175 871 duorum
1196 807 1365 886 mensium,
1380 805 1404 870 J
1406 806 1474 885 ulii,
1494 815 1527 871 et

473 915 624 1001 Augusti,
640 916 682 980 ob
696 916 906 1001 quorumdum
920 915 1150 981 infirmitatem.

928 1026 1067 1090 XXIV.

515 1135 657 1199 eOmnes
680 1136 733 1220 qui
755 1136 904 1221 ‘peregre
925 1135 1044 1199 fuerint
1067 1134 1232 1221 baptizoti,
1248 1156 1287 1199 eo
1309 1136 1394 1220 quod
1416 1157 1526 1199 eorum

472 1245 600 1309 minime
623 1245 665 1309 cit
685 1246 812 1330 cognita
834 1245 912 1321 vite,
926 1244 1057 1330 placuit,
1077 1243 1119 1308 cd
1141 1243 1261 1309 clerum
1281 1266 1346 1309 non
1364 1267 1436 1310 esse
1456 1268 1527 1331 pro·

471 1357 643 1420 movendos
659 1356 691 1420 in
705 1356 816 1421 alienis
830 1355 1008 1441 provinciis.

940 1465 1058 1529 XXV.

516 1576 648 1640 ⁸Omnie
673 1574 727 1661 qui
753 1575 900 1641 attulerit
924 1573 1051 1640 litteras
1077 1574 1290 1654 consessionis,
1317 1573 1447 1640 subluto
1472 1597 1526 1640 nc

473 1688 557 1752 mine
578 1686 777 1763 confessoris,
802 1709 840 1750 co
866 1687 951 1771 quod
975 1708 1085 1751 omnes
1104 1687 1164 1751 sub
1184 1685 1245 1752 hcc
1268 1686 1406 1751 nominis
1425 1686 1528 1771 glorie

473 1798 590 1883 passim
620 1797 805 1861 concutiunt
836 1796 1002 1882 simplices,
1032 1796 1321 1861 communicatorias
1351 1797 1380 1861 ei
1410 1797 1525 1862 dendae

473 1912 548 1971 sunt
562 1907 689 1972 litterae.

929 2017 1066 2082 XXVI.

518 2128 668 2194 Errorcm
693 2127 814 2213 placuit
840 2126 964 2214 corrigi,
987 2136 1025 2192 ut
1047 2127 1133 2191 omni
1160 2127 1287 2194 sabbati
1311 2130 1364 2194 die
1390 2130 1525 2217 houper-

472 2240 646 2327 positiones
660 2240 863 2304 celebremus.

920 2347 1072 2412 XXVII.

517 2459 705 2546 Episcopus,
727 2460 775 2523 vel
798 2457 931 2543 quilibet
953 2457 1034 2523 elius
1055 2457 1199 2537 clericus,
1221 2468 1279 2525 eut
1302 2482 1454 2540 sororem,
1469 2474 1526 2528 cut

472 2566 569 2635 filiam
585 2570 737 2653 virginem
752 2567 892 2634 dicatum
908 2568 989 2647 Deo,
1005 2576 1133 2634 tentum
1145 2592 1250 2635 secum
1266 2570 1403 2647 hebeet3
1422 2583 1527 2641 extra·

473 2702 565 2745 neem
580 2700 781 2764 nequaquam
796 2677 932 2743 ihebere
947 2678 1076 2764 placuit.

911 2786 1087 2853 XXVIII.

517 2900 692 2988 Episcopos
714 2899 834 2985 placuit
856 2900 897 2964 ab
920 2922 958 2964 eo
981 2900 1121 2984 quinon
1147 2903 1371 2981 communicat,
1395 2927 1527 2971 munere

472 3011 614 3098 accipere
629 3033 692 3075 non
708 3011 831 3076 debere.

926 3100 1069 3187 xxlir.

516 3233 783 3319 lEnergumenus
799 3233 852 3318 qui
871 3234 913 3299 ab
934 3234 1072 3299 erratico
1087 3234 1202 3321 spiritu
1222 3235 1419 3323 exagitatur,
1434 3236 1528 3323 hujus

472 3366 587 3409 nomeu
601 3367 702 3429 noque
717 3344 759 3408 ed
774 3343 886 3422 altare,
902 3367 974 3410 cum
997 3344 1168 3423 oblatione,
1182 3345 1403 3422 recitandum
1426 3369 1529 3433 neque

472 3456 731 3542 permittendum,
749 3463 785 3521 ut
802 3480 861 3522 sue
875 3479 973 3522 manu
987 3457 1020 3520 in
1036 3458 1167 3523 ccclesia
1181 3457 1351 3522 ministret.

936 3565 1058 3632 XXX.

515 3674 753 3741 ¹Subdicconos
779 3699 831 3740 eos
858 3677 999 3742 ordinari
1029 3700 1093 3741 non
1121 3677 1247 3755 debere,
1274 3677 1327 3764 qui
1357 3677 1390 3742 in
1421 3678 1528 3744 edolo-

472 3787 595 3853 sccntiu
620 3811 679 3852 suu
702 3786 822 3852 fuerint
845 3787 996 3852 moechati
1008 3813 1017 3865 ;
1056 3811 1094 3853 eo
1122 3791 1205 3875 quod
1232 3790 1447 3876 postmodum,
1472 3813 1529 3878 per

504 3985 518 4023 d
531 3987 584 4046 loe,
596 3993 657 4046 pert.
669 3984 701 4031 iv.
711 3999 763 4047 cup.
772 3997 811 4043 31.
824 3985 1021 4045 Aguirrscdidit,
1030 3985 1131 4046 Jejunie
1139 4001 1182 4034 seu
1191 3986 1351 4036 abstinentias
1361 4003 1412 4050 per.
1483 3999 1528 4049 ⁸4.

473 4066 536 4115 Dist.
544 4068 584 4131 98.
597 4066 690 4116 Omnes
701 4067 742 4129 qui
754 4081 860 4130 pcrcgrc.
877 4068 930 4126 Ico,
941 4076 1005 4129 pert.
1017 4068 1050 4114 vi.
1061 4083 1111 4130 stup
1123 4082 1180 4129 35²·
1286 4069 1297 4108 l
1310 4070 1371 4117 MS.
1383 4070 1491 4133 quidun,
1503 4072 1529 4119 lu

472 4163 578 4212 peregre.
655 4158 671 4196 t
683 4149 825 4196 Arelatenss
838 4148 928 4195 Consu.
941 4162 961 4195 1.
972 4163 1025 4195 cun.
1035 4163 1059 4212 9.
1143 4148 1154 4180 ἱ
1166 4148 1275 4209 Agulm
1285 4151 1368 4212 edidit,
1376 4151 1529 4213 jejuniorum

472 4229 692 4292 supcrpositIoncm.
785 4228 910 4290 *Apatna
921 4230 1003 4291 edidit,
1013 4246 1095 4279 secum
1107 4229 1202 4280 habeut.
1296 4232 1309 4271 k
1323 4233 1403 4282 Hunc
1413 4249 1528 4284 cmm

471 4318 589 4373 spectasse
598 4313 693 4360 videtur
703 4313 774 4360 Ccnc.
790 4312 863 4359 Pelet.
873 4324 913 4358 11.
926 4312 987 4359 unni
996 4310 1052 4374 674.
1119 4314 1128 4352 l
1143 4313 1238 4361 Robore.
1249 4313 1287 4361 ut.
1299 4315 1389 4362 Ponit.
1401 4331 1453 4378 oep.
1463 4330 1487 4376 4.
1498 4331 1528 4364 ss

475 4393 546 4439 Cous.
561 4392 623 4438 Elio.
636 4407 687 4453 cup.
697 4405 735 4452 30.
747 4398 770 4440 sl
781 4395 807 4440 in
819 4395 899 4456 Epist.
911 4395 944 4442 ud
955 4395 1082 4443 Heribald.
1096 4408 1148 4455 esp.
1158 4408 1197 4444 π.
