4092 5150
534 400 598 461 132
867 398 1246 461 ANNO'PATIONES

534 565 697 650 Aneyrani
722 586 793 628 cum
817 565 960 642 diacono,
983 564 1092 628 munia
1111 587 1175 650 prae
1199 564 1299 628 sacris
1321 563 1383 628 illis
1405 562 1576 649 presbyteri

533 668 657 732 minora
671 668 818 743 obeunte,
836 667 944 732 mitius
959 677 1070 753 agunt.

943 866 1097 932 oANoN
1122 867 1165 930 ll.

579 978 616 1040 P.
636 999 705 1057 ¹¹4·
720 978 781 1057 l.4.
806 978 961 1062 ἱερατικῆς]
987 980 1060 1042 Ηοο
1082 1000 1140 1063 pro
1163 981 1242 1058 ἱερᾶς
1264 978 1306 1041 ad
1322 999 1412 1041 oram
1426 976 1505 1041 edit.
1520 996 1581 1040 σιντ

537 1080 742 1144 Cmcilioram
767 1089 804 1144 ut
830 1102 894 1144 var.
921 1080 993 1144 lect.
1019 1081 1126 1165 posuit
1153 1079 1349 1153 Harduinus,
1376 1079 1524 1163 idemque
1551 1077 1581 1140 in

535 1183 682 1267 Spaodici
696 1183 744 1247 sui
759 1193 851 1247 textu
866 1183 1054 1248 exhibuerat
1068 1183 1275 1268 Bevsregius3
1300 1182 1504 1246 firmantibus
1517 1187 1582 1245 tum

536 1284 803 1370 complicantibus
818 1286 997 1350 Bodleioois
1011 1294 1130 1371 praeter
1140 1285 1199 1348 duo
1211 1285 1349 1348 numeris
1366 1289 1434 1369 158.
1447 1291 1482 1349 et
1490 1283 1581 1368 3385.

537 1389 712 1474 designata,
728 1389 760 1451 in
776 1389 889 1473 quibus
906 1391 984 1466 ἱερᾶς
998 1397 1101 1466 extat,
1117 1397 1187 1454 tum
1197 1388 1220 1451 J
1223 1410 1324 1452 oanns
1339 1386 1543 1451 Antiocheno
1553 1385 1582 1448 in

539 1491 712 1555 Collectione
736 1491 899 1567 Cononem,
918 1500 951 1554 et
973 1491 1116 1575 margine
1137 1491 1256 1556 Codicis
1277 1490 1390 1557 Eccles.
1419 1491 1582 1564 Universa,

538 1595 597 1658 hoc
612 1602 671 1667 est,
688 1593 805 1657 codicis
823 1593 946 1657 Tiliano
963 1615 984 1657 a
999 1593 1137 1658 dustello
1150 1595 1255 1659 denuo
1274 1593 1349 1658 editi
1365 1602 1400 1657 ct
1414 1590 1582 1656 emendati.

538 1696 641 1759 Immo
657 1697 688 1759 in
704 1698 801 1760 cods'ee
811 1698 904 1760 Jcao.
923 1697 1006 1761 Tilii
1018 1697 1217 1761 Balsamonis
1232 1695 1470 1761 commentariis
1483 1696 1584 1760 cincto

538 1821 644 1863 vocem
665 1802 808 1879 ἱερατικῆς
828 1798 983 1863 invenisse
1001 1800 1179 1864 Gentianus
1198 1800 1359 1864 Hervctus
1380 1799 1515 1875 videtur,
1534 1796 1584 1882 qui

539 1902 586 1967 ita
601 1903 708 1977 vertit,
728 1902 819 1966 Omni
839 1903 1028 1966 sacerdotali
1051 1904 1219 1968 ministerio
1242 1913 1379 1979 cacam,
1401 1904 1463 1967 etsi
1489 1901 1585 1966 'lilius

538 2006 671 2071 alteram
703 2006 870 2069 lectionem
902 2006 976 2069 olim
1006 2015 1157 2091 posuerat
1186 2007 1218 2071 iu
1248 2006 1388 2070 editione
1418 2004 1509 2071 MSti
1538 2004 1585 2069 sui

541 2110 696 2173 Oceanum
724 2111 902 2172 Grecoram
926 2131 1011 2173 anno
1043 2128 1133 2192 1540.
1160 2109 1324 2193 impressa,
1356 2131 1428 2194 quoe
1461 2107 1585 2193 quidem

539 2211 684 2296 princeps
710 2211 849 2274 omnium
871 2211 1045 2274 editionum
1072 2211 1256 2276 Graecarum
1281 2220 1340 2275 est.
1386 2210 1587 2295 Quapropter

540 2317 682 2395 ἱερατικῆς
697 2321 770 2398 post
786 2312 990 2397 Beveregium
1011 2314 1124 2398 recepi,
1140 2313 1201 2378 etsi
1221 2314 1330 2378 munia
1343 2313 1474 2399 quidem
1487 2334 1586 2389 sacra,

540 2436 602 2478 non
633 2416 855 2492 sacerdotalia,
884 2416 944 2480 hoc
974 2416 1043 2481 loco
1077 2417 1208 2500 intelligi
1245 2415 1373 2492 debent,
1405 2424 1587 2501 veteresque

542 2517 648 2583 Latini
672 2540 828 2583 canonum
850 2519 1042 2605 interpretes
1063 2541 1148 2585 sacra
1170 2520 1308 2596 habeut;
1334 2520 1361 2583 is
1375 2518 1461 2583 enim
1480 2539 1587 2585 sensus

540 2628 590 2685 est
605 2622 747 2685 vocabuli
764 2621 907 2702 ἱερατικὸς
922 2644 983 2685 non
999 2631 1126 2687 tantum
1142 2622 1192 2687 hic
1207 2622 1263 2686 sed
1278 2629 1312 2687 et
1326 2621 1488 2686 interdum
1504 2620 1586 2686 alibi.

543 2721 627 2785 Vide
649 2724 733 2786 inter
754 2723 833 2787 alios
854 2723 949 2799 locos,
966 2725 1083 2788 Canon.
1103 2723 1236 2788 XVIII.
1251 2724 1305 2807 qui
1328 2723 1446 2787 dicitur
1468 2728 1587 2808 Aperte

541 2825 716 2888 hrum-mi
731 2828 852 2889 δύναται
869 2826 944 2890 εἶναι
960 2830 1129 2901 ἐπίσκοπος,
1146 2827 1163 2905 ἦ
1179 2830 1390 2908 πρεσβύτερος.
1406 2826 1424 2905 ῆ
1445 2827 1586 2896 διάκονον.

542 2926 652 3006 ῆὸλως
666 2933 719 2990 τοῦ
735 2931 901 3010 καταλόγου
916 2934 968 2992 τοῦ
983 2932 1137 3010 ἱερατικοῦ.
1153 2930 1182 2993 h.
1196 2953 1220 2993 e.
1239 2929 1330 3005 sauri,
1340 2950 1404 2992 non
1414 2928 1588 3014 angustiori

542 3051 635 3093 sensu
650 3031 865 3095 sacerdotalis.

588 3132 668 3197 ibid.
694 3134 714 3196 l.
733 3152 764 3216 5.
800 3137 889 3216 ἄρτον
914 3134 932 3214 ῆ
964 3136 1104 3216 ποτήριον
1137 3133 1315 3219 ἀναφέρειν]
1349 3134 1488 3198 Diaconi
1517 3132 1589 3198 olim
1663 3145 1692 3183 Α

544 3258 657 3320 panem
673 3245 706 3299 ct
730 3236 858 3301 calicem
882 3238 1109 3301 ministrabant
1128 3236 1254 3322 populo.
1300 3235 1320 3298 J
1324 3235 1448 3300 ustinus
1465 3235 1590 3319 Martyr
1642 3239 1696 3281 ⁴:

545 3337 682 3423 Apolog.
699 3356 725 3401 2.
748 3342 776 3401 ol
797 3342 973 3419 subcriptum
993 3338 1060 3421 παρ’
1077 3341 1147 3418 ἡμῖν
1166 3339 1306 3413 διάκονοι,
1323 3341 1458 3403 διδόασιν
1480 3337 1590 3421 ἑκάστῳ
1642 3346 1699 3402 *ἦ

543 3447 602 3504 τῶν
616 3443 772 3518 παρόντων
793 3448 979 3522 μεταλαβεῖν
1001 3443 1060 3505 ἀπὸ
1084 3447 1134 3505 τοῦ
1158 3441 1422 3525 εὐχαριστηθέντος
1440 3442 1531 3519 ἄρτον
1546 3441 1591 3502 καὶ
1629 3424 1703 3491 ς’

545 3547 636 3616 οἱνοο,
654 3546 702 3606 καὶ
717 3546 831 3622 ὕδατος,
848 3545 894 3608 καὶ
909 3552 970 3611 τοῖς
981 3546 1016 3608 οὗ
1032 3550 1177 3625 παροῦσιν
1191 3543 1387 3624 ἀποφέρουσι.
1434 3543 1496 3622 Qui
1508 3540 1593 3627 apud
1612 3519 1706 3592 *l

544 3668 596 3709 aas
610 3647 733 3710 dmeoal
747 3646 900 3720 dieantur,
917 3648 994 3710 daut
1012 3647 1174 3731 unicuiqae
1188 3667 1289 3710 eoram
1302 3645 1357 3730 qai
1370 3644 1483 3709 σοὶννπὶ
1493 3644 1591 3728 perci·
1620 3658 1708 3683 Α

539 3750 688 3834 parmam
703 3771 816 3834 pacem
831 3760 857 3813 et
879 3750 1025 3814 οἰανιιινὶ
1046 3772 1251 3834 aquamque
1269 3771 1336 3813 esua
1355 3748 1591 3834 pretias-ama
1618 3747 1710 3788 Α

545 3854 623 3917 tione
638 3862 809 3916 cancerata
823 3863 902 3926 suat,
917 3862 943 3915 ct
962 3852 1007 3915 ad
1019 3874 1065 3915 eos
1084 3852 1138 3937 qai
1151 3850 1259 3916 οἱνινιὶ
1274 3852 1443 3937 perferant.
1482 3848 1591 3935 Cypri·
1619 3875 1673 3893 κ
1690 3866 1711 3890 ··

545 3980 626 4022 anus
649 3979 741 4020 sarm.
754 3978 784 4040 5.
811 3957 850 4019 de
875 3956 994 4041 Lapsis,
1017 3954 1080 4020 Ubi
1098 3954 1264 4020 abaciam
1280 3953 1455 4039 adimpletis
1474 3948 1714 4052 celiam}

546 4058 1114 4144 ‹fferrediacooasprceseotiboscoepit
1139 4057 1492 4134 ousbs'ffluws,
1505 4051 1714 4156 Naso}

547 4163 740 4225 indocilem
766 4163 920 4225 Οοιιοαντο
951 4162 1043 4225 Ucia.
1067 4162 1211 4226 Ecebsioe
1229 4161 1315 4245 apud
1339 4159 1484 4225 Biblictl.
1506 4154 1714 4224 Jmiae’l

550 4265 696 4327 domnici
728 4266 790 4328 Vel.
835 4267 879 4328 Tb
902 4265 1065 4346 ἀναφέρειν
1087 4265 1224 4328 reddunt
1248 4273 1371 4329 veteres
1397 4256 1713 4350 Interpone*

548 4368 595 4432 vel
610 4369 726 4450 offam,
742 4368 797 4444 vol,
815 4370 898 4452 quod
914 4369 1025 4433 molius
1039 4378 1099 4444 ost,
1108 4378 1244 4453 portare,
1258 4378 1382 4450 pestere.
