4092 5150
473 412 539 475 348
700 411 736 471 S.
760 410 1003 474 PAMPHILI
1027 409 1292 475 marturius

474 582 685 665 mendumque
706 603 883 645 sermonem
902 580 1044 644 sufficere
1065 602 1129 644 non
1150 589 1297 666 ponunt,
1314 581 1390 645 illud
1408 582 1512 646 saltem

474 692 682 777 contemplari
703 692 891 765 debuerant,
906 699 1061 776 quautam
1077 691 1203 755 ridendi
1221 692 1393 758 materiam
1411 693 1511 758 Genti-

475 803 569 875 libus,
587 814 803 887 quantamque
823 803 981 867 haereticis
1001 802 1186 886 praebeant3
1211 825 1285 866 cum
1306 826 1452 890 eosquos
1471 826 1514 868 as·

476 928 613 975 sectores
628 911 802 974 Christiani
824 911 983 996 dogmatis
1004 920 1039 974 et
1060 909 1243 975 defensores
1262 913 1434 996 putabant,
1450 934 1515 976 oon·

476 1022 574 1085 lutari
599 1044 682 1084 nunc
703 1022 842 1094 rideam,
866 1038 898 1086 et
921 1022 1019 1085 refelli
1044 1045 1067 1086 a
1089 1023 1249 1107 propriis3
1272 1034 1309 1087 et
1335 1024 1420 1088 velut
1443 1023 1514 1087 cirili

477 1133 560 1196 bello
574 1133 734 1217 gaudeant
746 1134 978 1218 impugnatum,
988 1155 1082 1218 quem
1097 1133 1156 1218 ipsi
1167 1133 1333 1198 hostiliter
1343 1135 1516 1220 impugnans

478 1266 541 1306 non
570 1256 730 1329 poterant.
784 1245 941 1324 Quoniam
967 1266 1045 1328 ergo
1076 1245 1303 1330 quamplurimi
1337 1268 1378 1310 ex
1410 1246 1515 1331 simpli·

478 1353 615 1416 rioribus
635 1352 809 1437 quibusque
830 1352 983 1415 iratribus
1001 1375 1021 1414 a
1041 1375 1138 1437 supra
1159 1353 1255 1416 dietis
1276 1352 1447 1428 laeduntur,
1461 1374 1515 1416 nou

477 1464 579 1526 solum
600 1463 641 1524 de
663 1463 712 1524 his
726 1462 781 1545 qui
802 1462 843 1524 de
864 1462 932 1545 ipso
953 1461 1035 1526 male
1053 1462 1208 1538 sentiunt,
1222 1463 1280 1525 sed
1302 1463 1401 1526 etiam
1418 1463 1456 1526 de
1474 1462 1515 1525 bis

477 1575 532 1659 qui
554 1574 661 1638 studio
683 1572 822 1637 scientiae
837 1580 870 1634 et
891 1571 1166 1657 intelligendarum
1184 1572 1425 1657 scripturarum
1443 1572 1515 1636 inter

478 1700 612 1746 caeteros
632 1683 729 1745 libros
743 1683 840 1745 etiam
861 1682 959 1765 ipsius
978 1683 1098 1767 scripta
1115 1683 1338 1769 conspiciunt3
1362 1684 1410 1746 ita
1423 1691 1458 1746 ut
1469 1703 1513 1746 ros

479 1815 605 1876 quoque
628 1793 687 1876 ipsi
709 1793 741 1855 in
758 1792 889 1855 dubium
904 1793 1072 1864 ueneritis;
1096 1792 1240 1857 neforto
1262 1793 1313 1857 rel
1333 1791 1512 1859 multitudini

479 1904 527 1967 rel
542 1903 727 1968 auctoritati
743 1903 1005 1967 calumniatorum
1022 1905 1102 1967 tides
1120 1904 1238 1968 debeat
1257 1905 1405 1969 adhiberi
1418 1905 1456 1967 de
1473 1903 1512 1966 bis

479 2037 550 2100 quae
574 2015 691 2099 passim
714 2015 781 2077 sine
803 2015 867 2077 ulle
889 2023 1034 2100 respectu
1060 2014 1283 2079 diffamantur:
1315 2014 1415 2078 visum
1436 2012 1512 2075 nobis

479 2140 540 2203 est,
569 2127 672 2210 primo
700 2126 828 2210 quidem
857 2148 969 2190 curare
997 2125 1205 2210 suspicionem
1236 2132 1396 2196 vestram
1434 2121 1510 2187 simul

479 2237 576 2301 etiam
603 2258 660 2319 per
685 2236 881 2301 occasionem
910 2237 1016 2314 vestri,
1043 2236 1183 2299 omnium
1208 2236 1263 2321 qui
1288 2235 1320 2300 ei
1346 2235 1510 2300 obtrectant

481 2348 646 2411 confutare
674 2348 857 2411 calumnias.
912 2348 1004 2428 Quod
1033 2348 1081 2411 ita
1112 2346 1203 2410 nobis
1236 2345 1384 2432 prosequi
1412 2345 1509 2409 rectius

481 2459 580 2521 risum
592 2465 651 2520 est.
664 2468 699 2520 ut
715 2479 777 2519 non
791 2459 907 2521 nostris
919 2457 1021 2520 verbis
1032 2466 1065 2520 et
1076 2456 1306 2520 assertionibus
1316 2455 1507 2520 defensionen

482 2591 638 2655 paremus
660 2569 715 2631 sed
737 2591 778 2631 ex
802 2568 868 2632 suis
889 2568 1026 2653 propriis
1047 2567 1184 2640 vocibus,
1204 2567 1321 2652 quibus
1342 2567 1407 2655 ipse
1426 2567 1506 2631 ulieus

482 2680 541 2743 sibi
556 2680 623 2742 brec
638 2702 715 2744 esse.
732 2700 802 2761 quie
818 2679 870 2741 isti
890 2679 1056 2762 objiciunt,
1072 2678 1199 2763 proprio
1220 2701 1366 2742 sermone
1381 2685 1502 2749 testatur,

483 2791 514 2851 id
530 2807 589 2852 est.
603 2812 695 2851 omne
706 2789 854 2872 quicquid
869 2798 987 2870 praeter
998 2789 1093 2851 fidem
1105 2788 1307 2852 Catholiennr
1320 2789 1502 2873 praedicatur:

483 2900 556 2983 quia
581 2899 607 2960 si
634 2899 751 2960 nostris
776 2898 881 2960 verbis
906 2899 972 2961 haeo
996 2919 1136 2961 asserere
1160 2897 1300 2973 velimus,
1325 2897 1500 2981 suspiciosum

483 3011 580 3073 videri
602 3010 684 3073 sorte
705 3010 823 3094 possit;
849 3010 990 3093 eoquod
1013 3032 1071 3072 nes
1092 3031 1200 3072 umore
1223 3011 1291 3093 ejus
1314 3008 1433 3093 siquid
1455 3006 1500 3089 ipsc

483 3142 579 3203 prave
595 3120 727 3182 senserit
743 3118 954 3182 celaverimus.
1000 3119 1066 3181 t'bi
1085 3127 1193 3183 autom
1208 3120 1277 3203 ejus
1297 3119 1395 3203 ipsius
1409 3116 1454 3200 qui
1466 3133 1498 3176 uc

484 3245 614 3292 eusutur
638 3230 765 3293 vocibus
787 3230 917 3302 utimur,
938 3240 971 3292 et
993 3231 1034 3292 ud
1058 3252 1165 3293 omnes
1186 3230 1379 3313 objectiones
1398 3242 1496 3290 accust-

483 3356 589 3404 torum
605 3341 669 3403 suis
684 3340 786 3402 verbis
804 3361 887 3415 eum,
902 3362 965 3401 non
985 3348 1095 3403 nostra
1116 3340 1291 3403 assertione
1313 3336 1494 3402 defendimus

484 3472 554 3532 quau
580 3449 663 3512 ultra
687 3449 818 3532 relinqui
842 3456 950 3534 petest
975 3450 1202 3513 crindnutionis
1229 3449 1364 3526 occasio,
1386 3445 1496 3508 *saltem

484 3560 533 3621 his
558 3560 633 3643 ipsis
656 3560 708 3642 qui
732 3581 794 3621 non
817 3560 881 3621 veri
908 3560 1023 3635 studio,
1048 3561 1102 3624 sed
1127 3559 1211 3623 velut
1237 3559 1367 3622 libidine
1391 3554 1495 3640 quadum

485 3672 631 3755 culpandi
648 3693 772 3755 semper
785 3672 971 3756 agitantur?
994 3673 1039 3735 Et
1054 3672 1200 3756 quoniam
1216 3672 1257 3734 de
1272 3693 1310 3733 eo
1331 3690 1408 3732 nuno
1421 3677 1494 3728 sermv

419 3837 424 3846 .
484 3790 544 3856 cst,
571 3782 623 3865 qui
651 3781 760 3864 utique
785 3784 871 3865 apud
896 3783 1038 3845 homines
1064 3782 1229 3845 defunctus
1257 3793 1315 3857 est,
1343 3764 1493 3864 quidqud

485 3912 593 3952 omnes
611 3890 733 3974 judices
748 3913 806 3974 pro
822 3891 971 3955 defuneto
985 3891 1098 3955 sortius
1115 3900 1148 3955 et
1170 3891 1290 3953 firmius
1305 3891 1403 3954 valere
1417 3883 1491 3949 debet

486 4022 579 4081 quani
596 4010 627 4063 ct
645 3999 760 4062 litterae
776 4011 808 4064 et
824 4002 942 4084 scripta
957 4002 1117 4065 defuncti?

531 4109 723 4192 Iucipieutcs
743 4109 839 4192 igitur
860 4110 982 4174 indiciis
1003 4111 1192 4195 scriptorum
1213 4132 1339 4173 suorum
1362 4098 1489 4170 ostendere

651 4337 661 4360 '
674 4331 774 4391 (Saltem
787 4334 901 4380 inusitate
912 4332 1026 4394 scriptum
1039 4347 1082 4393 pro
1094 4331 1178 4392 solum,
1190 4331 1244 4378 vide
1259 4327 1362 4391 Lcrico.)
