4092 5150
865 1198 1211 1280 EXCERPTA

541 1416 579 1489 S.
604 1416 844 1491 DIONYSII
875 1417 1253 1491 ALEXANDRINI
1281 1415 1524 1499 EPISCOPL

583 1614 634 1670 EX
652 1615 779 1671 LIBRlS
797 1617 891 1672 EJUS
911 1618 964 1672 DE
985 1618 1144 1673 NATURA
1161 1618 1215 1671 AD
1233 1614 1483 1678 TlMOTllEUM,

504 1712 679 1775 ALIAQUE
697 1715 940 1772 DIONYSlANA
958 1717 1000 1772 IN
1019 1716 1173 1773 NICETAE
1193 1714 1344 1771 CATENA
1364 1713 1406 1768 IN
1421 1712 1556 1769 JOBUM

477 1829 494 1889 5
957 1821 1102 1877 POSITA.

895 2008 1173 2057 -4

923 2174 1146 2235 MONl'l'UM.

505 2283 610 2366 CUM
623 2304 655 2363 S.
667 2305 800 2384 Dionysii
811 2304 1005 2363 Alexandrini
1018 2304 1168 2383 Reliquias
1178 2306 1259 2385 operi
1273 2325 1337 2363 meo
1351 2304 1475 2383 adjicere
1486 2304 1555 2363 olim

504 2401 683 2468 statuissem,
697 2414 851 2479 antequam
864 2401 993 2459 noverim
1004 2401 1083 2459 hunc
1095 2400 1270 2480 scriptorem
1286 2401 1439 2477 separatim
1454 2400 1556 2458 Romae

504 2500 618 2561 editum
635 2499 735 2566 fuisse,
750 2520 783 2558 ae
796 2511 951 2579 propterea
965 2497 1115 2578 Excerpta
1129 2499 1281 2556 Librorum
1297 2499 1360 2577 ejus
1378 2499 1415 2558 de
1429 2499 1556 2558 Natura»

459 2609 595 2676 1oatque
620 2597 710 2671 ρἦιιε
736 2597 800 2674 ejus
823 2597 853 2655 in
877 2595 994 2655 Nicetoe
1021 2599 1133 2656 Catena
1160 2598 1190 2654 in
1218 2596 1327 2654 Jobum
1352 2608 1491 2676 repertus,
1518 2617 1556 2656 ex

505 2693 630 2754 mustis
648 2694 867 2754 oxoniensibus
889 2693 1099 2762 emendassem,
1120 2693 1220 2754 eadem
1240 2693 1301 2751 hoec
1326 2694 1471 2772 inpriore
1493 2693 1554 2751 edi-

504 2789 587 2849 tione
601 2790 760 2868 divulgavi,
779 2788 866 2849 simul
889 2801 977 2868 atque
992 2790 1169 2850 canonicam
1188 2790 1324 2870 Dionysii
1340 2790 1504 2870 Epistolam
1519 2790 1556 2850 ad

505 2885 674 2954 Basiliden,
688 2907 774 2965 quam
793 2907 871 2946 ame
884 2887 941 2945 mei
962 2888 1058 2966 operis
1076 2889 1152 2946 ratio
1164 2889 1339 2966 requirebat·
1382 2886 1471 2960 Quod
1485 2887 1555 2946 olim

504 2983 573 3054 feei,
596 2983 627 3042 id
655 3003 734 3042 nunc
757 3004 873 3062 quoque
896 2985 1030 3064 prestiti,
1053 3005 1119 3044 cum
1144 3005 1226 3044 novoe
1253 2985 1389 3044 editionis
1408 2985 1555 3044 defoeestae

462 3092 495 3152 15
505 3079 600 3159 plenae
614 3090 702 3155 atque
715 3081 852 3160 perfectu
865 3081 1067 3159 Reliquiarum
1083 3081 1115 3140 S.
1127 3082 1261 3161 Dionysii
1276 3102 1342 3161 spes
1356 3101 1403 3140 me
1416 3082 1555 3141 frustrata

504 3176 606 3235 fuerit.

889 3299 1168 3340 *⁴-

1015 3473 1044 3536 l.

563 3597 815 3673 l'lOTEPON
834 3594 872 3673 ἕν
890 3597 969 3674 ἐστι
994 3592 1155 3699 συναφὲς
1173 3592 1215 3673 τὸ
1239 3599 1323 3690 πᾶν,
1342 3597 1390 3677 ὡς
1412 3595 1496 3692 ἡμῖν
1517 3629 1556 3674 τε

504 3728 564 3806 καὶ
593 3733 666 3809 τοῖς
689 3726 916 3834 σοφωτάτοις
933 3726 1127 3826 Ἑλλήνων
1152 3725 1323 3806 Πλάτωνι
1346 3731 1403 3806 καὶ
1431 3733 1553 3808 Πυθα-

502 3860 608 3967 γόρᾳ,
627 3865 686 3940 καὶ
710 3870 784 3947 τοῖς
811 3861 883 3942 ἀπὸ
910 3867 974 3963 τῆς
1001 3870 1115 3949 στοᾶς
1140 3866 1198 3942 καὶ
1216 3865 1444 3973 Ἡρακλείτῳ
1469 3867 1553 3973 φαί-

456 4110 495 4151 20
801 4098 962 4173 Interprete
976 4098 1130 4157 Francisco
1148 4097 1257 4173 Vtgero.

741 4201 767 4259 1.
1053 4203 1098 4261 bis
1120 4202 1346 4340 uroeeorumyue
1375 4204 1554 4282 sapientissi-

547 4281 670 4340 Unsnu
681 4301 773 4340 unum
784 4293 838 4351 est,
849 4293 937 4361 atque
950 4303 1002 4361 ap·
1054 4283 1109 4341 mis
1120 4281 1235 4340 Platoni
1247 4293 1278 4342 et
1317 4283 1554 4362 ythsgoroe,Sto.

503 4374 568 4421 tum
581 4364 884 4431 exseseuniversum,
897 4364 940 4423 uti
951 4384 1002 4422 no·
1055 4363 1116 4432 icis,
1138 4373 1168 4421 et
1187 4362 1339 4422 Heraclito
1360 4363 1493 4423 videtur:
1516 4385 1552 4423 an

548 4481 619 4522 vol..
636 4481 678 4523 tv,
987 4480 1006 4545 3
1025 4481 1043 4520 Ε
