4092 5150
686 429 719 491 S.
743 428 991 494 lUClANUS
1016 431 1240 495 MARTYR.
1469 437 1491 503 9

434 595 578 660 leviores.
624 595 707 662 Haeo
721 598 805 662 enim
827 598 881 664 illa
901 599 998 664 verba
1017 601 1193 676 declarant,
1208 602 1272 665 Dic
1290 600 1412 665 oertom
1431 602 1490 666 uli·

433 705 510 789 qaod
523 715 634 770 costra
649 707 761 781 Dum,
776 707 853 785 sivo,
867 706 988 773 &nodio
998 710 1130 773 Domino
1144 720 1172 774 et
1185 732 1307 786 morere,
1320 733 1387 794 pro,
1398 711 1490 795 Roga

432 815 545 890 Deum,
561 817 621 890 vel,
636 839 767 902 precare
782 819 898 892 Deum,
910 826 948 883 ut
963 828 1066 884 morte
1081 820 1191 906 longos
1206 821 1276 884 illos
1291 843 1487 906 magnosque

433 925 559 989 dolores
573 926 711 1010 mitiget.
755 927 817 1008 Qui
837 927 885 992 ait
902 929 944 992 ad
962 928 1061 1008 illam,
1076 929 1142 993 sm
1161 930 1239 1015 quid
1259 939 1406 1015 tanquam
1426 953 1488 994 uuo

408 1035 468 1114 sde
481 1036 583 1101 dadis
596 1037 773 1103 mulieribus
786 1039 885 1104 loom
900 1043 955 1104 eal
978 1039 1094 1125 ltaque
1116 1042 1290 1106 amentiam
1309 1042 1378 1125 ejus
1397 1064 1488 1107 oocu-

431 1154 492 1222 sat,
508 1153 543 1211 et
557 1145 658 1211 levem
675 1168 851 1212 sermonem
866 1149 1033 1213 mulierum
1050 1149 1192 1227 similem,
1209 1172 1271 1213 non
1287 1150 1486 1235 impietatem

430 1263 487 1321 aut
513 1256 626 1321 scelua
683 1256 817 1343 Ignoras
842 1259 937 1338 enim,
961 1259 1074 1344 inquit,
1099 1260 1127 1325 0
1150 1260 1272 1334 mulier,
1294 1260 1486 1345 gravitatem

431 1366 587 1440 dolorum,
601 1367 784 1452 gratiasque
798 1389 879 1452 quas
892 1390 952 1453 pro
966 1368 1128 1432 doloribus
1143 1391 1214 1454 ago,
1231 1368 1384 1452 majorem
1407 1369 1484 1433 mihi

430 1477 607 1541 mercedem
629 1477 797 1542 conciliare
818 1485 853 1542 et
874 1499 1027 1562 quaerere.
1071 1477 1175 1542 Amisi
1197 1489 1353 1552 armenta,
1377 1479 1484 1554 boves,

373 1604 421 1646 ιο
424 1586 584 1674 jumenta,
599 1608 762 1653 servorum
775 1609 814 1652 ao
829 1587 1001 1652 liberorum
1015 1588 1262 1663 multitudinem,
1278 1588 1356 1652 nihil
1375 1596 1484 1654 tamen

430 1719 551 1772 eorum,
567 1720 639 1762 cum
659 1698 692 1762 in
713 1699 814 1763 lucem
834 1700 977 1785 prolatus
999 1722 1081 1777 sum,
1096 1701 1173 1764 mihi
1193 1700 1406 1787 suppetebat:
1429 1702 1485 1764 aed

432 1809 486 1894 qui
501 1830 553 1873 me
567 1808 683 1886 effecit,
696 1831 889 1894 usuramque
903 1812 977 1873 vitae
992 1809 1069 1874 mihi
1085 1810 1218 1894 largitus
1233 1818 1295 1887 est,
1309 1810 1336 1874 is
1351 1819 1385 1875 et
1400 1811 1486 1876 bona

429 1925 463 1983 et
478 1919 595 1993 omnia,
611 1941 682 2004 quae
696 1920 739 1983 ad
755 1919 854 1984 vitam
868 1919 1030 2004 pertinent
1045 1920 1151 1985 dedit:
1177 1929 1210 1985 et
1226 1921 1372 2006 nuncqui
1385 1921 1483 1996 dedit,

429 2029 528 2094 etiam
541 2029 685 2095 abstulit.
721 2031 906 2094 Absurdum
921 2038 1096 2097 astantem
1112 2032 1204 2096 danti
1219 2031 1346 2116 quidem
1361 2032 1485 2118 gratias

357 2145 378 2182 ¹
390 2152 534 2224 sagene,
548 2138 729 2202 detrahenti
752 2146 860 2203 autem
883 2161 1078 2213 succensere,
1099 2147 1133 2205 et
1152 2147 1287 2204 mortem
1308 2140 1418 2204 timide
1437 2140 1482 2223 ig·

427 2270 568 2333 noveque
590 2256 722 2334 optare:
749 2257 783 2314 et
805 2248 925 2313 divitiis
946 2250 1483 2335 acceptis,aovuletudine,laeta1i

426 2381 497 2422 oum
519 2359 695 2444 voluptate,
718 2368 943 2445 paupertatem
965 2367 1073 2425 autem
1097 2369 1130 2425 et
1152 2362 1297 2424 morbum
1321 2360 1481 2447 ignaviam

426 2469 608 2534 existimare
623 2468 696 2550 (lor.
712 2492 784 2533 cum
802 2469 929 2555 ignavia
952 2470 1130 2552 extimare.)
1177 2470 1287 2554 Neque
1307 2470 1390 2533 enim
1411 2491 1482 2533 nos-

427 2590 512 2645 trum
527 2590 587 2655 est,
603 2603 693 2659 uuor,
703 2583 744 2646 ad
760 2604 879 2667 eaquae
891 2581 1317 2646 suavissimasuntcurrere:
1341 2579 1482 2666 graviter

352 2701 534 2758 20autcm
555 2692 681 2756 labores
703 2692 880 2777 acerbeque
898 2692 991 2756 ferre.
1048 2691 1178 2756 Debent
1198 2691 1282 2755 enim
1304 2690 1335 2767 ii,
1357 2690 1410 2775 qui
1432 2689 1480 2753 sui

427 2812 621 2888 potestatem
651 2826 714 2867 non
742 2804 874 2881 habent,
905 2806 959 2868 sed
990 2826 1010 2867 a
1039 2803 1109 2867 Deo
1138 2802 1368 2888 gubernantur,
1397 2802 1481 2866 ferre

429 2914 566 2988 sortiter,
593 2935 664 2998 quae
685 2915 743 2980 dat
766 2914 864 2988 Deus,
888 2913 1119 2999 qualiacunque
1141 2911 1239 2976 etiam
1262 2912 1326 2974 sint
1348 2933 1387 2975 ea
1408 2933 1479 2996 quae

426 3023 581 3088 incidunt.
626 3022 713 3086 Nihil
727 3022 812 3087 enim
827 3022 893 3086 sine
909 3022 977 3107 ejus
993 3020 1202 3107 providentia,
1218 3026 1275 3084 aut
1290 3020 1365 3083 boni
1388 3020 1480 3083 nobis

426 3133 578 3219 suppetit,
593 3142 651 3196 aut
667 3132 741 3196 mali
755 3132 847 3196 nobis
862 3131 978 3208 evenit,
995 3152 1067 3195 cum
1082 3131 1150 3215 ipse
1165 3130 1271 3194 omnia
1286 3130 1335 3194 vel
1350 3131 1479 3193 decreto

357 3255 416 3319 ²5
426 3266 482 3307 suo
497 3243 545 3306 vel
558 3242 722 3327 permissu,
735 3250 853 3305 nostrae
863 3242 895 3304 in
907 3263 941 3305 se
952 3240 1120 3305 eharitatis
1129 3241 1372 3324 comprobandae
1382 3262 1479 3305 causa

425 3354 531 3418 iaciat.
579 3353 697 3416 Moneo
723 3352 820 3438 igitur
843 3359 887 3426 te,
912 3352 941 3416 0
963 3373 1055 3428 uxor,
1080 3373 1120 3414 ne
1144 3350 1297 3434 ejusmodi
1322 3350 1398 3413 mihi
1422 3350 1479 3414 des

427 3463 599 3536 consilium,
618 3463 701 3547 quod
722 3461 907 3525 imminuere
924 3459 1145 3524 fortitudinem
1163 3480 1267 3523 meam
1285 3468 1404 3544 potest,
1421 3461 1476 3523 sed

427 3573 457 3637 id
472 3574 590 3658 potius,
607 3573 691 3657 quod
711 3572 808 3657 possit
824 3593 941 3656 augere
963 3569 1116 3634 virtutem
1138 3592 1262 3641 meam;
1286 3578 1384 3654 atque
1405 3592 1478 3632 con-

428 3684 545 3747 stantia
566 3683 597 3746 in
619 3682 790 3746 subeundis
809 3680 979 3753 laboribus,
995 3679 1212 3764 patientiaque
1230 3679 1263 3741 in
1283 3678 1477 3764 perferendis

365 3793 515 3856 sommis
545 3800 576 3856 et
614 3791 743 3868 morbis,
771 3798 1000 3876 praeceptorem
1030 3811 1080 3852 me
1111 3789 1331 3874 spectantibus
1360 3790 1476 3874 agendi

428 3905 544 3987 gratias
559 3905 704 3983 reddere,
713 3910 749 3967 ut
758 3910 792 3967 et
803 3924 874 3966 cum
885 3902 1058 3987 locupletes
1070 3923 1186 3978 sumus,
1200 3908 1234 3965 et
1245 3922 1316 3964 oum
1325 3901 1474 3975 valemus,

431 4014 494 4079 Deo
508 4016 643 4100 gloriam
664 4014 859 4078 tribuamus:
889 4023 1014 4078 etcum
1035 4033 1190 4097 pauperes
1209 4033 1327 4084 sumus,
1352 4025 1385 4075 et
1404 4033 1476 4073 oum

430 4133 624 4209 aegrotamus,
648 4146 719 4187 eum
740 4124 917 4201 laudemus,
935 4144 998 4185 non
1017 4143 1100 4186 nunc
1119 4122 1224 4195 modo,
1248 4122 1303 4186 sed
1325 4121 1422 4186 etiam
1442 4119 1475 4184 iu

864 4402 874 4440 l
889 4401 946 4450 Job.
959 4401 986 4448 ii.
999 4414 1035 4449 10.

939 4503 956 4541 C
