4092 5150
565 424 609 485 34
861 414 1111 493 RELIQUIAE
1137 409 1315 477 SACRAE.

567 591 664 675 ὅπως
676 590 727 689 μὴ
741 593 800 669 καὶ
808 589 987 667 πλειόνων
999 584 1165 667 θανάτων
1177 586 1281 666 α’ίτιοι
1291 587 1409 668 αὐτοῖς
1421 582 1615 685 γινώμεθα,

566 732 616 813 ὡς
643 723 689 806 οὶν
716 723 1040 827 καταναγκάᾂνντες
1067 721 1194 805 αὐτοὺς
1219 728 1365 821 μᾶλλον
1387 714 1615 820 καταπραχθ-

568 868 694 943 νεσθαι
712 864 771 940 καὶ
789 866 1052 962 τελεσιουργεῖν
1078 858 1125 938 τά
1149 854 1384 961 θανατηφόρα
1400 855 1500 956 ἔργα·
1530 849 1616 929 ἀλλ’

568 998 777 1103 ε’κδίχεσθαι
801 998 860 1075 καὶ
886 995 1078 1100 προσέχειν
1100 996 1244 1090 ἑαυτοῖς,
1269 990 1473 1094 ἰγρηγορεῖν
1495 1016 1535 1065 τε
1560 985 1620 1062 καὶ

568 1132 845 1237 προσεύχεσθαι,
862 1131 922 1209 ἵνα
938 1128 990 1229 μὴ
1008 1130 1227 1226 εἰσέλθωμεν
1244 1134 1292 1210 είς
1309 1122 1522 1227 πειρασμόν.
1628 1142 1648 1205 5

627 1269 737 1348 Οὕτω
748 1266 932 1372 Στέφανος
948 1273 1090 1369 πριῖπος
1103 1267 1179 1343 κατ’
1194 1263 1292 1367 ἴχνος
1304 1262 1412 1340 αὐτοῦ
1425 1254 1621 1359 μαρτύριον

570 1399 841 1508 ἀναδεξάμενος,
852 1404 890 1482 ἐν
899 1399 1167 1504 Ἱεροσολύμοις
1183 1398 1452 1499 συναρπασθεὶς
1465 1389 1534 1472 ὑπὸ
1547 1395 1622 1471 τῶν

570 1534 800 1639 παρανόμου,
819 1534 903 1615 Ιικαὶ
920 1537 1041 1638 ἀχθεὶς
1061 1537 1100 1613 ἐν
1124 1538 1175 1640 τῷ
1199 1531 1374 1635 συνεδρίῳ
1399 1530 1617 1621 λιθοβολοῦ·

571 1705 687 1770 μενος,
705 1673 743 1750 ἐν
761 1669 909 1767 ὀνόματι
927 1673 1093 1770 Χριστοῦ
1110 1665 1302 1771 ἐδοξάσθη,
1320 1667 1542 1766 παρακαλῶν
1563 1661 1623 1738 καὶ

570 1806 702 1907 λέγων,
712 1802 836 1907 1Κύριε
855 1803 905 1902 μὴ
919 1801 1066 1907 στήσῃς
1079 1802 1198 1882 αὐτοῖς
1213 1798 1345 1897 ταύτην
1356 1794 1423 1897 τὴν
1434 1793 1621 1896 ἁμαρτίαν.
1634 1818 1673 1857 10

574 1943 687 2023 οίπως
704 1940 876 2034 Ἰάκωβος
904 1936 1065 2039 δεύτερος
1091 1936 1320 2039 συλληφθεὶς
1347 1929 1416 2010 imi>
1440 1928 1621 2032 Ἡρώδου,

573 2085 597 2117 ¹¹¹
602 2075 762 2179 μαχαίρᾳ
778 2070 845 2170 τὴν
863 2069 1027 2176 κεφαλὴν
1044 2068 1242 2168 ἀπετμήθη.
1273 2069 1385 2149 οὕτως
1399 2066 1419 2143 ὃ
1432 2062 1623 2167 πρόκριτος

573 2216 647 2289 τῶν
675 2205 894 2287 ἀποστόλων
927 2205 1065 2307 Πέτρος
1097 2202 1276 2286 πολλάκις
1308 2204 1535 2306 συλληφθεὶς
1564 2204 1625 2279 καὶ

575 2345 812 2451 φυλοκισθεὶς
831 2344 889 2420 καὶ
907 2342 1126 2439 ἀτιμασθεὶς,
1138 2341 1290 2442 ὕστερον
1307 2336 1477 2442 ε’νῬωμῃ
1487 2339 1620 2416 ε’σταυ·

573 2478 685 2583 ρῶθη.
727 2478 856 2576 ὁμοίιος
883 2480 942 2556 καὶ
969 2478 990 2556 ὁ
1017 2473 1230 2579 περιβόητος
1258 2479 1407 2557 Παῦλος
1432 2470 1624 2556 πλεονάκις
1638 2504 1650 2544 r
1655 2500 1674 2563 5

574 2614 788 2715 παραδοθεὶς
810 2615 867 2691 καὶ
892 2613 956 2696 ἕως
983 2609 1140 2693 θανάτου
1167 2610 1408 2701 κινδυνεύσας,
1431 2608 1557 2690 πολλοί
1585 2642 1625 2688 τε

577 2745 745 2846 ἀθλήσας
763 2749 842 2825 Ι’καὶ
861 2748 1131 2852 καυχησάμενος
1149 2750 1187 2826 ἐν
1203 2753 1357 2830 πολλοῖς
1375 2750 1542 2846 διωγμοῖς
1566 2746 1627 2824 καὶ

578 2883 768 2987 θλίψεσιν,
790 2884 890 2985 ε’ντῇ
914 2884 1005 2988 arie-g}
1030 2881 1136 2963 πόλει
1158 2885 1217 2961 καὶ
1241 2879 1346 2965 αὐτὸς
1373 2882 1533 2986 μαχαίρᾳ
1559 2877 1626 2980 τὴν

577 3014 741 3123 κεφαλὴν
759 3019 977 3121 ἀπεκείρατο·
1010 3017 1050 3102 δς
1067 3021 1104 3099 ἐν
1123 3016 1175 3102 οἷς
1193 3015 1428 3122 ἐκαυχήσατο,
1446 3016 1625 3123 κατέλεξε,

577 3190 635 3248 que
649 3170 816 3247 confugere,
832 3191 869 3230 ue
879 3172 950 3250 ipsis
961 3191 1077 3249 quoque
1129 3172 1185 3230 illis
1203 3172 1254 3230 Ιιοο
1265 3179 1421 3250 peccatum.
1448 3169 1483 3226 ln
1497 3168 1627 3227 Jacobus
1638 3186 1679 3226 ao

579 3249 747 3308 multifaria
761 3251 864 3309 mortis
877 3272 963 3310 eausa
977 3253 1077 3318 simus,
1128 3251 1273 3311 secundus
1295 3252 1331 3309 ab
1353 3249 1472 3308 Herode
1494 3267 1628 3326 compre.

580 3343 615 3390 ut
629 3329 679 3407 qui
694 3330 773 3408 ipsos
792 3342 821 3388 et
840 3332 1000 3410 asperiores
1016 3352 1079 3392 esse
1129 3333 1245 3399 bemus,
1257 3330 1355 3410 gladio
1369 3331 1463 3408 capite
1474 3338 1627 3388 truncatus

580 3430 726 3488 cogamus,
756 3421 786 3468 et
814 3433 901 3490 opera
928 3413 1080 3470 mortifera
1130 3423 1182 3470 est.
1226 3414 1273 3470 lta
1293 3412 1399 3469 Petrus
1416 3407 1627 3488 Apostolorum

581 3510 738 3569 peragere:
771 3490 821 3549 sed
844 3503 1020 3570 exspectare,
1049 3503 1080 3551 et
1131 3494 1241 3571 primus
1256 3512 1331 3570 supe
1348 3490 1582 3568 comprehensus,
1596 3499 1628 3546 et

582 3570 1079 3650 nobiscaveremcuigilareetorare,
1131 3571 1270 3631 custodiar
1297 3570 1432 3637 traditus,
1455 3568 1626 3647 ignominia·
1639 3605 1656 3644 2
1659 3600 1678 3663 5

584 3671 619 3709 ne
633 3650 769 3707 intremus
783 3652 811 3708 in
827 3652 1014 3710 tentationem.
1131 3673 1188 3730 que
1211 3654 1341 3718 affectus,
1364 3662 1510 3730 postremo
1527 3647 1628 3707 Romre

625 3729 672 3787 Ita
687 3730 855 3809 Stephanus
869 3733 933 3808 ejus
949 3733 1081 3812 vestigiis
1131 3732 1286 3791 crucifixus
1300 3743 1353 3790 est.
1383 3729 1524 3788 Similiter
1539 3738 1568 3785 et
1582 3729 1627 3787 in·

584 3810 729 3875 insistens,
765 3823 839 3870 mart
860 3813 935 3870 rium
969 3814 1080 3879 obiens,
1131 3813 1228 3892 clytus
1240 3812 1350 3870 Paulus
1364 3831 1438 3888 aaepe
1452 3809 1588 3876 traditus,
1598 3820 1630 3868 et

586 3889 799 3969 Hierosolymis
821 3833 859 3950 ai
885 3892 992 3970 iniquis
1019 3915 1081 3952 eor·
1131 3893 1168 3951 ad
1182 3904 1303 3951 mortem
1319 3890 1455 3969 usquein
1466 3887 1629 3968 periculum

586 3980 697 4048 raptus,
708 3982 738 4028 et
748 3971 783 4028 all
795 3971 948 4030 concilium
964 3973 1080 4043 ductus,
1131 3972 1284 4039 adductus,
1296 3985 1326 4032 et
1341 3973 1370 4028 iu
1383 3969 1484 4029 multis
1494 3987 1628 4048 perseeu-
1640 3993 1683 4051 30

586 4049 731 4126 lapidibus
753 4051 885 4117 obrutus,
911 4053 940 4110 iu
963 4056 1080 4112 uomina
1131 4054 1260 4112 tionibus
1280 4064 1310 4111 et
1334 4050 1538 4110 afflictionibus
1566 4050 1629 4129 glo-

587 4129 695 4187 Christi
711 4128 889 4206 glorificatus
901 4145 954 4198 est,
966 4153 1080 4211 rogans,
1131 4134 1232 4202 riatus,
1245 4134 1273 4190 in
1286 4132 1386 4191 eadem
1401 4129 1473 4188 urbe
1485 4132 1546 4210 ipse
1557 4150 1629 4213 quo-

584 4221 617 4267 et
631 4208 747 4267 diceus:
776 4211 905 4279 Domine,
922 4235 956 4271 ne
969 4222 1082 4272 statuas
1130 4235 1187 4291 que
1217 4213 1314 4292 gladio
1344 4212 1438 4291 capite
1474 4212 1632 4273 mulctatus

652 4313 660 4351 Ι
678 4312 741 4360 Μαι.
752 4313 818 4360 xxvi.
831 4329 870 4373 4¹·
1016 4318 1032 4357 k
1049 4319 1104 4367 Act.
1117 4318 1148 4366 vi
1161 4332 1199 4366 ιι.
1346 4319 1354 4358 l
1371 4319 1426 4367 Aet.
1440 4318 1480 4365 rii.
1492 4318 1533 4367 60.

653 4389 675 4420 m
692 4378 748 4426 Aet.
759 4378 800 4426 xii.
815 4393 837 4426 a.
1015 4394 1030 4422 n
1049 4383 1120 4433 Rom.
1132 4401 1155 4431 v.
1167 4397 1191 4444 ³·
