4092 5150
352 512 354 516 v
479 424 543 491 ior
810 422 1182 488 nasammonas

478 595 669 667 Aristonus;
694 594 780 659 haud
804 615 876 657 cum
898 593 1013 657 ceteris
1034 591 1220 657 Scholiastis
1244 591 1460 677 metaphorice
1479 589 1515 654 in·

478 697 693 783 telligendum.
740 697 886 762 Pertinet
899 702 1009 760 antem
1021 695 1065 759 ad
1080 701 1293 759 monstrosam
1308 694 1425 759 horum
1438 692 1516 756 mise

476 820 584 863 rorum
612 821 651 863 ac
680 800 880 863 desertorum
908 797 1071 861 hominum
1100 795 1264 861 libidinem
1295 796 1397 861 tertia
1424 793 1519 859 fabule

477 902 565 966 tertii
580 900 650 966 libri
665 900 861 965 Fabulamm
876 898 1015 963 Phaedri.
1052 902 1105 963 Ac
1119 899 1251 964 tandem
1265 897 1332 962 ridi
1347 898 1388 962 de
1403 895 1520 962 canonis

476 1004 739 1088 interpretatione
761 1023 885 1066 mecum
908 1001 1160 1067 consentientem
1187 1001 1324 1065 Petrum
1349 1000 1391 1065 de
1417 1001 1521 1063 Maron

478 1106 511 1168 in
526 1106 668 1190 ejusdem
687 1106 818 1170 canonis
832 1104 1044 1191 explicatione
1064 1104 1096 1167 in
1113 1103 1274 1190 Ομνοονῑιῗε
1287 1102 1356 1168 suis
1370 1125 1392 1169 a
1403 1101 1521 1167 Banna

477 1231 561 1273 anno
583 1212 657 1273 1681
679 1210 815 1294 primum
829 1208 934 1273 editis.

522 1311 607 1375 Ibid.
624 1312 689 1391 ἤτοι
702 1309 930 1395 λεπρῶσαντας]
948 1308 1141 1374 Scholiasta
1157 1307 1393 1393 Harmenopuli
1404 1307 1521 1371 inhune

478 1435 629 1477 canonem
650 1413 718 1476 haec
738 1412 846 1490 habet,
870 1413 987 1494 Λεπρὸς
1006 1413 1049 1476 ὢν
1069 1412 1162 1494 ἤγουν
1181 1410 1350 1492 ἀκάθαρτος
1373 1411 1424 1474 καὶ
1443 1434 1521 1489 μεμο

476 1621 508 1680 δὲ
532 1619 690 1698 >scaptiam
705 1618 771 1680 ἀντὶ
790 1623 842 1681 τοῦ
862 1616 978 1696 μιάνας,
995 1620 1033 1681 τὰ
1051 1623 1110 1692 ζῶα
1130 1613 1277 1696 δηλονότι·
1300 1613 1522 1698 χειμαζομένους

476 1721 509 1783 δὲ
523 1720 591 1786 τοὺς
605 1724 804 1799 δαιμονῶντας
824 1719 922 1802 λέγει,
937 1721 977 1787 ὥς
997 1744 1076 1785 τινες
1090 1721 1196 1800 φασίν.
1241 1719 1408 1801 Leproeue,
1424 1717 1477 1780 lter
1488 1725 1522 1779 ert

475 1820 650 1884 inornarrdas·
664 1831 691 1884 et
698 1821 857 1905 pollutam-
883 1823 994 1908 quippe
1007 1821 1117 1906 leprosi
1135 1829 1223 1884 erant
1242 1818 1400 1882 armandi
1419 1819 1455 1883 la
1471 1817 1523 1903 lopo

476 1924 627 1988 Mosaica.
674 1923 763 2002 Quod
775 1924 833 2002 ait,
848 1924 901 2010 qai
916 1924 1001 2008 lepra
1021 1924 1137 2008 infecit,
1152 1931 1271 1986 tantm
1285 1921 1374 1998 valet,
1390 1943 1430 1985 ac
1441 1921 1470 1984 εἰ
1482 1919 1522 1983 a

475 2036 558 2101 cera,
577 2025 700 2110 polluit,
718 2026 858 2109 jumenta
885 2027 1007 2091 scilicet.
1044 2023 1252 2108 Hyberaaatar
1276 2033 1379 2089 autem
1405 2034 1522 2089 cacata

475 2130 618 2192 Damone
640 2138 741 2205 tortos,
767 2139 802 2193 ut
827 2128 927 2214 aliqui
950 2128 1086 2192 tradant.
1131 2129 1330 2212 Harmenop.
1358 2127 1439 2212 epit.
1460 2148 1522 2191 can.

475 2238 553 2294 sect.
565 2254 592 2293 v.
610 2231 660 2294 tit.
671 2251 702 2314 3.
749 2230 890 2295 Isidorus
910 2231 1076 2295 Mercator
1091 2230 1173 2292 hunc
1191 2250 1347 2293 canonem
1366 2229 1413 2292 sic
1433 2228 1522 2292 inter-

476 2341 630 2418 pretatur,
647 2335 711 2398 Hos
728 2335 829 2397 eodem
848 2357 919 2399 sane
940 2356 999 2398 aaa
1019 2332 1114 2398 solnm
1136 2331 1261 2418 bpraeos
1275 2331 1407 2395 ονὶννιοο
1428 2331 1522 2415 lrrjm

475 2437 673 2520 modifaatos,
688 2438 873 2502 saerata
892 2437 948 2500 aro
964 2458 1019 2501 eac
1032 2434 1131 2499 morlo
1150 2434 1301 2519 replerier,
1311 2434 1438 2519 placuit
1453 2436 1524 2500 inter

475 2561 633 2617 eocarere,
648 2540 702 2625 qai
716 2546 908 2626 tempestate
918 2539 1094 2625 jactantur,
1107 2537 1161 2622 qui
1175 2560 1194 2601 a
1208 2537 1301 2601 nobis
1313 2536 1523 2625 Energumeui

474 2642 685 2728 appellantur.
731 2642 904 2726 Dionysius
929 2641 1082 2727 Exiguus,
1106 2640 1170 2704 an
1194 2640 1248 2726 qul
1271 2639 1524 2705 irrationabiliter

475 2745 624 2820 cicer-ant,
648 2754 676 2808 et
698 2744 785 2830 lepra
809 2745 904 2808 irrorati
924 2746 1064 2809 criminis
1080 2744 1158 2807 alios
1171 2740 1360 2826 polluerunt,
1378 2743 1524 2828 proecqrit

472 2857 579 2909 sancta
602 2847 742 2929 Synodus
763 2848 843 2911 inter
857 2870 903 2911 coe
924 2870 1013 2912 orare
1034 2849 1091 2934 qni
1111 2846 1225 2931 aptato
1237 2845 1462 2929 periclitantur
1474 2848 1524 2910 ia·

474 2950 595 3024 ricaredo,
612 2949 664 3011 ubi
688 2948 874 3013 observetur
895 2950 954 3013 hos
975 2950 1086 3013 ambos
1102 2970 1173 3013 curn
1191 2946 1370 3011 Scholiasta
1391 2947 1523 3012 Harme-

475 3051 581 3135 nopuli
613 3073 718 3114 vocem
749 3054 961 3132 λεπρῶσαντας
990 3052 1023 3114 in
1051 3058 1143 3115 textu
1177 3049 1280 3113 active
1309 3049 1525 3136 interpretari.

478 3152 704 3217 BEVEREG.
729 3156 803 3218 Hoc
814 3176 886 3217 curn
896 3154 1001 3218 activa
1012 3152 1240 3237 significatione
1251 3150 1524 3236 interpretandum

474 3279 542 3319 osso
568 3265 697 3320 consent
720 3257 830 3320 itidem
854 3257 998 3321 Zonaras
1023 3265 1057 3321 et
1084 3255 1264 3329 Aristonus,
1291 3276 1364 3317 cum
1389 3255 1523 3320 neutrali

474 3382 548 3423 voro
563 3368 596 3423 et
612 3368 765 3443 tanquam
783 3359 979 3444 praeteritum
996 3359 1060 3423 alii.

519 3462 556 3523 P.
573 3480 643 3545 123.
654 3461 673 3522 l.
693 3464 739 3523 16.
752 3464 794 3527 εἰς
808 3462 874 3527 τοὺς
885 3459 1127 3543 χειμαζομένους]
1142 3457 1264 3522 Videsis
1276 3480 1347 3541 quar
1357 3459 1399 3522 ad
1412 3459 1522 3524 harum

478 3561 732 3623 rlnnotationum
744 3558 861 3623 calcem
873 3582 990 3644 ponere
1006 3560 1082 3622 milri
1095 3560 1193 3621 visum
1206 3565 1256 3622 est
1270 3580 1310 3621 ex
1325 3559 1421 3623 Notis
1435 3561 1523 3624 uber-

475 3663 561 3725 rimis
576 3664 618 3726 a<l
634 3662 833 3725 undecimum
848 3685 999 3726 canonem
1021 3662 1152 3725 Caecilii
1164 3662 1291 3724 n'icoeai
1301 3663 1522 3747 Becarepiaar’r.

477 3764 624 3827 Diversae
646 3764 814 3848 superbae
838 3787 871 3828 re
893 3764 1027 3849 protulit
1043 3764 1204 3848 opiniones
1225 3762 1374 3827 Suicerus
1395 3764 1430 3827 in
1452 3764 1522 3828 Tle-

472 3889 563 3930 sarcre
592 3866 767 3929 Ecclesiae.
796 3889 861 3929 noce
886 3870 1118 3947 Χειμαζόμενοι;
1150 3866 1207 3950 qui
1236 3878 1344 3930 tamen
1376 3867 1522 3933 Suicems

475 3968 577 4031 nunus
592 3980 687 4044 recte,
700 3979 737 4031 ut
749 3969 869 4052 opinor,
880 3971 965 4033 favet
980 3969 1207 4044 statuentibus,
1217 3970 1282 4034 τοὺς
1293 3971 1522 4052 χειμαζομένων

475 4070 533 4133 hoo
556 4072 624 4133 loco
640 4094 702 4133 non
722 4071 930 4135 daemoniacos
952 4094 1032 4148 esse,
1049 4073 1105 4134 sed
1125 4094 1179 4135 eos
1199 4070 1379 4156 significari,
1396 4074 1451 4157 qui
1470 4072 1521 4136 aab

473 4172 524 4234 cllo
540 4195 597 4256 pro
613 4173 720 4256 templi
737 4174 856 4237 foribus
872 4182 1010 4237 orarent.
1049 4173 1235 4238 Conferend.
1253 4172 1422 4258 Bingham.
1437 4177 1519 4260 Oria.

474 4272 557 4335 Eccl.
572 4273 625 4336 lib.
638 4274 670 4335 iii
707 4298 775 4359 cap.
788 4299 817 4354 4.
841 4278 869 4357 ᾗ.
883 4281 912 4340 6.
934 4285 967 4341 ot
989 4276 1042 4340 lib.
1055 4276 1115 4340 xvi.
1136 4298 1205 4360 cap.
1225 4297 1272 4339 11.
1291 4278 1319 4358 ξ.
1334 4299 1363 4361 9.
1405 4278 1520 4342 Latine

473 4375 569 4439 vortit
584 4376 643 4438 hoc
659 4376 727 4439 loco
745 4377 915 4462 Dionysius
932 4377 1084 4463 Exiguus,
1099 4378 1152 4461 qui
1171 4377 1286 4460 spiritu
1298 4379 1521 4463 periclitantur
