4092 5150
475 423 517 484 te
809 421 1188 488 ANNOTATIONES

472 593 550 657 facit
565 593 723 658 Eusebius
736 594 789 657 lib.
804 595 868 659 viii.
884 596 969 660 Hist.
984 618 1054 680 oap.
1070 599 1100 660 6.
1133 596 1349 680 Hieronymus
1363 603 1472 661 autem
1487 597 1527 661 do

473 695 542 780 ipso
568 696 723 774 Luoiano,
751 705 788 761 ut
814 697 931 771 vidisti,
958 697 1081 771 scribit,
1112 699 1162 762 De
1196 697 1281 762 Viris
1302 698 1357 762 Iu.
1380 721 1451 784 oap.
1476 715 1527 782 77.

472 799 556 862 buno
579 820 706 882 passum
727 820 796 863 esse
817 798 1011 864 Nieomediae
1031 799 1090 862 snb
1110 798 1329 881 perseeutione
1346 799 1527 875 Maximini,

472 901 534 964 boo
548 908 608 973 est,
624 923 679 964 sex
702 900 750 964 vel
770 910 893 985 septem
914 906 987 986 post
1010 922 1120 976 annos,
1144 923 1240 984 quam
1263 902 1416 986 martyrio
1438 925 1527 967 roro-

474 1009 568 1067 natus
579 1001 752 1066 Anthimns
761 1010 856 1067 esset.
900 1003 1139 1082 Εἰιαγγελίζομαι
1154 1024 1211 1086 pro
1227 1006 1480 1086 ονναγγελίζομαι
1495 1005 1527 1068 in

472 1125 625 1189 nuperum
644 1125 733 1167 suam
759 1105 902 1168 Otrouiei
923 1103 1088 1167 Pambotis
1111 1103 1283 1167 editionem
1305 1105 1466 1168 revooavit
1488 1104 1527 1168 ol.

473 1207 667 1271 Dindorfius.
713 1208 805 1270 Idem
820 1228 917 1290 supra
931 1204 1010 1282 fleri,
1027 1204 1127 1268 serius
1136 1205 1262 1289 jussum
1277 1214 1336 1270 est.

517 1309 554 1371 P.
570 1328 599 1389 5.
623 1308 643 1370 l.
666 1328 714 1394 13.
737 1307 1029 1372 ,turiani-Oratio
1050 1305 1124 1390 διο]
1149 1306 1198 1370 De
1220 1306 1353 1371 Luoiani
1372 1309 1527 1392 martyrio

475 1409 604 1474 Eusebii
620 1411 689 1474 haeo
703 1417 787 1481 sunt,
802 1408 857 1472 lib.
874 1408 916 1472 ix.
933 1409 1019 1472 fftst.
1036 1429 1105 1492 cap.
1122 1410 1151 1471 6.
1168 1411 1332 1476 Λουκιανός
1345 1434 1378 1473 τε
1394 1410 1468 1491 ἀνὴρ
1489 1412 1527 1473 τδ

473 1514 572 1577 πάντα
592 1514 722 1593 δριστος,
737 1513 797 1596 βίῳ
816 1536 849 1574 τε
871 1513 1018 1592 ἐγκρατεῖ,
1034 1513 1082 1574 καὶ
1097 1515 1159 1576 τοῖς
1179 1512 1268 1591 ἱεροῖς
1281 1509 1434 1590 μαθήμασι
1454 1537 1527 1593 συγ·

474 1613 695 1695 κεκρατημένος,
726 1618 776 1692 τῆς
810 1613 872 1676 κατ’
901 1610 1092 1694 Ἀντιοχείαν
1124 1614 1277 1692 παροικίας
1310 1614 1525 1693 πρεσβύτερος,

473 1717 576 1798 ἀχθεὶς
597 1717 646 1779 ἐπὶ
668 1719 719 1794 τῆς
741 1713 934 1793 Νικομηδέων
955 1713 1083 1790 πόλεως,
1108 1713 1181 1776 ἔνθα
1203 1719 1360 1792 τηνικαῦτα
1377 1716 1526 1792 βασιλεὺς

474 1817 724 1901 (Diocletianus)
740 1819 900 1898 διατρίβων
916 1817 1072 1898 ἐτύγχανε,
1093 1817 1260 1898 παρασχών
1280 1840 1313 1879 τε
1334 1816 1382 1879 ἐπὶ
1399 1820 1453 1879 τοῦ
1472 1818 1524 1898 δρ-

472 1946 579 2002 χοντος
590 1920 644 1998 τὴν
655 1921 728 2000 ὑπὲρ
737 1919 772 1998 ἧς
784 1919 946 1999 προΐστατο
956 1919 1149 1983 διδασκαλίας
1158 1917 1326 1998 ἀπολογίαν
1335 1919 1526 2001 δεσμωτηρίῳ

473 2023 651 2102 παραδοθεὶς
666 2023 822 2084 κτίννυται.
868 2020 973 2089 Quem
988 2020 1092 2083 locum
1107 2025 1198 2082 vetus
1218 2017 1375 2102 interpres
1389 2017 1527 2082 Rufinus

473 2121 521 2184 ita
535 2122 641 2197 vertit,
657 2131 714 2185 aut
729 2121 836 2206 potius
850 2120 1072 2204 interpolavit:
1097 2119 1255 2183 Lucienus
1269 2141 1381 2203 quoque
1395 2119 1448 2182 οιί·
1465 2141 1526 2182 mo·

473 2221 568 2300 ribus,
581 2224 776 2299 coutinentia,
792 2233 819 2288 et
835 2223 1004 2288 eruditione
1016 2223 1206 2307 ρταοίριινς,
1222 2221 1426 2285 Antiooteuue
1440 2243 1526 2306 ραις-

473 2322 563 2408 byter,
579 2347 648 2388 otuu
662 2326 707 2389 ud
721 2324 983 2409 truuuatyuuiots
998 2326 1112 2409 fuitset
1134 2324 1305 2388 adductus:
1332 2325 1405 2397 θον,
1425 2325 1526 2409 iuquit

472 2427 519 2491 od
538 2449 605 2491 eum
622 2450 747 2513 pruses,
770 2429 822 2491 oie·
842 2427 1036 2492 rationabile
1055 2438 1083 2492 ot
1097 2427 1236 2512 prudens
1256 2426 1384 2511 sequeris
1404 2436 1525 2504 ςαονανι,

473 2530 559 2614 eugeus
572 2551 631 2594 uou
644 2540 729 2616 poteo
745 2531 870 2595 reddere
886 2531 1062 2595 rationem?
1091 2539 1146 2594 out
1167 2530 1195 2593 ον’
1214 2538 1264 2603 est,
1287 2528 1395 2613 aliquo
1412 2529 1525 2593 audie

473 2654 548 2696 mue.
598 2636 681 2697 Tum
695 2634 757 2707 uu,
773 2634 848 2697 datu
861 2632 1081 2718 sibifaeultote
1093 2632 1226 2705 dicendi,
1239 2631 1441 2713 hujuscemodi
1455 2654 1524 2696 οτα-

474 2734 583 2798 tionem
596 2734 709 2821 defide
729 2744 833 2799 nostra
853 2734 988 2798 tabuisse
1008 2734 1134 2797 dieitur.
1180 2736 1220 2797 In
1242 2733 1366 2798 ooonlto
1389 2755 1452 2796 non
1475 2741 1525 2798 est

476 2835 532 2898 διο.
579 2833 735 2898 Eusebius
757 2856 853 2918 porro
875 2834 907 2897 in
929 2834 982 2898 lib.
1006 2834 1068 2899 viii.
1092 2834 1369 2920 oep.13.haeode
1392 2834 1524 2900 Luoiani

474 2935 622 3021 apologia
636 2935 810 3006 habet—iu
825 2938 860 3021 τῇ
877 2938 1065 3020 Νικομηδείρ,
1079 2938 1127 2999 καὶ
1142 2936 1238 3011 αὐτὸς,
1250 2939 1404 3014 βασίλεως
1420 2938 1524 3000 ἔτισα·

474 3039 580 3117 ρόντος
604 3037 649 3118 (iu
671 3038 762 3117 urbe)
786 3038 840 3115 τὴν
863 3038 1002 3118 οὐράνιον
1024 3043 1077 3101 τοῦ
1099 3044 1230 3118 Χριστοῦ
1255 3039 1419 3118 βασιλείαν
1442 3040 1524 3122 λόγῳ

475 3141 621 3218 πρότερον
635 3144 669 3202 δι’
685 3141 859 3221 ιἰπολογίας,
876 3140 940 3204 εἶτα
954 3142 987 3203 δὲ
1003 3141 1051 3204 καὶ
1066 3140 1164 3221 ἔργοις
1179 3142 1369 3221 ἆνακηρύξας.
1413 3139 1524 3224 Neque

476 3240 541 3304 ulla
555 3241 670 3304 idonea
687 3263 784 3305 eausa
802 3241 878 3310 mihi
897 3241 1025 3325 quidem
1047 3264 1115 3304 esse
1134 3242 1269 3317 videtur,
1293 3241 1452 3325 (quumvis
1471 3240 1524 3304 alii

476 3342 599 3407 divorse
618 3344 784 3417 senserint,
807 3350 844 3407 ut
862 3365 889 3406 e.
900 3366 931 3428 g.
948 3343 1166 3413 Tillemontius
1182 3344 1278 3406 Μοοι.
1294 3342 1379 3405 Εοοί.
1399 3349 1479 3407 tom.
1496 3364 1523 3405 v.

475 3444 508 3507 in
524 3444 663 3509 Lucieno
677 3466 749 3529 pag.
775 3465 847 3529 203.
866 3445 916 3508 ed.
933 3443 1087 3527 Bruxell.)
1112 3467 1168 3507 our
1190 3466 1252 3507 non
1275 3443 1384 3506 haberi
1407 3444 1524 3507 Rufino

476 3546 555 3610 fides
570 3546 698 3623 debeat,
711 3547 765 3631 qui
780 3546 862 3609 hano
883 3545 1068 3630 praeolaram
1089 3547 1276 3621 orationem,
1293 3567 1364 3609 enm
1383 3546 1525 3609 moribus

476 3671 515 3712 οο
536 3649 710 3714 ratiociniis
729 3648 835 3713 saeouli
857 3648 940 3712 illins
957 3648 1101 3733 apprime
1121 3648 1368 3721 convenientem,
1390 3648 1524 3731 martyri

479 3751 619 3815 Luoiano
640 3752 798 3816 attribuit.
845 3751 931 3815 Fieri
953 3751 1036 3814 enim
1059 3759 1176 3836 potest,
1200 3757 1236 3814 ut
1258 3750 1359 3835 ipsum
1381 3772 1421 3812 ex
1444 3750 1526 3814 aotis

477 3854 621 3937 martyrii
637 3855 705 3937 ejus
721 3855 856 3917 Rufinus
870 3853 1082 3938 descripserit,
1098 3855 1183 3937 quod
1199 3852 1269 3937 plns
1284 3852 1380 3916 semel
1400 3852 1525 3916 monuit

478 3956 655 4032 Fabricius,
665 3956 754 4040 eujus
768 3956 935 4021 sententiae
950 3956 1057 4019 favent
1067 3956 1173 4027 verba,
1184 3976 1280 4038 supra
1289 3954 1374 4037 apud
1389 3955 1524 4017 eundem

476 4059 683 4143 interpretem
702 4057 761 4142 ipsi
782 4057 918 4121 orationi
934 4056 1166 4142 proeoedentie;
1203 4058 1281 4121 Tum
1298 4056 1350 4119 uu
1370 4055 1448 4118 doto
1466 4054 1525 4119 τιδι’

467 4161 621 4244 facultate
645 4160 767 4223 dicendi
788 4160 953 4223 orationem
976 4158 1013 4220 de
1025 4157 1092 4240 fido
1115 4167 1217 4221 uestro
1239 4156 1375 4221 babuisse
1396 4157 1521 4221 dicitur.

477 4264 626 4327 Ceterum
641 4263 756 4327 statuit
770 4261 809 4325 ol.
828 4261 1009 4325 Lardnerus
1023 4262 1073 4324 De
1088 4262 1169 4325 Hist.
1185 4262 1306 4344 Εοανιρ.
1325 4260 1416 4337 Fide,
1433 4260 1522 4324 Part.

479 4365 522 4428 ΙΙ.
540 4365 592 4427 lib.
609 4366 629 4427 i.
649 4385 719 4448 cap.
735 4365 787 4447 58.
834 4363 1020 4446 Hieronymi
1038 4363 1135 4427 ‚verba
1155 4364 1221 4447 jorn
1242 4363 1350 4435 allata,
1368 4363 1523 4427 Feruntur
