4092 5150
586 429 651 490 104
919 426 1299 490 ANNOTATIONES

586 595 638 660 iile
661 596 811 680 opinatur
832 617 872 660 ex
894 595 1037 680 plurimis
1058 595 1213 680 epistolis,
1231 615 1312 679 ques
1332 596 1366 658 S.
1378 593 1526 659 Hilarius
1546 594 1635 659 colle-

586 705 679 783 gerat
702 699 944 782 adduxeratque
969 696 1001 759 in
1023 719 1119 781 opere
1141 719 1199 761 suo
1221 696 1375 761 historico
1397 695 1438 761 de
1465 695 1636 760 Semi-Ari-

471 850 475 860 .
587 821 720 864 anorum
742 800 936 864 Ariminensi
963 800 1105 864 Concilio.
1161 799 1259 864 Certe
1281 820 1354 863 oum
1381 798 1517 863 Arionis
1536 796 1635 883 juncti

587 910 700 987 postea
713 911 789 968 sunt
805 902 928 967 Meletii
944 902 1097 987 discipuli.

631 1007 669 1068 P.
682 1024 735 1087 91.
757 1005 841 1088 l.19.
863 1005 996 1068 Inmuu
1017 1004 1178 1088 srmone]
1202 1003 1374 1068 Praeiixum
1396 1011 1448 1068 est
1467 1003 1556 1068 istud
1577 1004 1637 1089 epi·

588 1107 678 1172 stolae
694 1129 819 1192 quoque
834 1107 927 1171 Petri
940 1129 998 1192 pro
1012 1106 1171 1172 usitatiori
1186 1107 1297 1184 forme,
1313 1106 1434 1192 Incipit
1447 1105 1599 1192 &istola

632 1209 716 1273 Ibid.
743 1209 763 1272 l.
781 1228 831 1275 22.
857 1208 1070 1295 aeetimantes]
1098 1209 1218 1274 Vitium
1246 1215 1296 1273 est
1320 1208 1354 1271 in
1379 1209 1441 1274 hoo
1466 1207 1635 1283 sententis,

588 1332 660 1375 cum
675 1311 772 1396 priori
787 1312 839 1374 vix
854 1312 1082 1397 conjungenda.
1123 1312 1203 1375 Mox
1217 1311 1262 1375 ad
1275 1332 1334 1395 pro
1347 1310 1385 1373 id
1397 1309 1535 1396 reposui.
1551 1310 1572 1373 1.
1585 1328 1635 1394 23.

632 1413 714 1477 Ibid.
730 1414 750 1477 l.
764 1432 815 1492 24.
829 1436 900 1499 quae
915 1436 936 1478 a
950 1423 984 1479 te
999 1415 1171 1501 conentur]
1188 1413 1341 1478 Defendit
1350 1434 1391 1476 ex
1405 1411 1590 1490 001qu
1600 1421 1636 1476 nt

588 1514 683 1577 modo
697 1513 772 1587 dixi,
787 1513 933 1578 Mcffeus.

633 1618 671 1679 P.
684 1635 736 1699 92.
751 1616 771 1680 1.
785 1636 833 1680 11.
856 1639 930 1681 nem
945 1616 1282 1701 cuncte-meliorum]
1310 1618 1392 1681 Haec
1410 1617 1550 1682 fortasse
1568 1637 1637 1681 cum

589 1719 791 1803 sequentibus
805 1718 951 1804 conjungi
967 1719 1096 1795 debent,
1111 1726 1145 1783 et
1159 1719 1274 1783 mortis
1287 1740 1346 1801 pro
1360 1729 1470 1783 οννοίο
1483 1719 1605 1805 reponi.

635 1821 718 1885 Ibid.
739 1822 781 1885 eb
805 1821 881 1906 ipsis
904 1830 953 1886 est
978 1821 1189 1887 constitutum
1212 1831 1246 1886 et
1271 1822 1384 1906 fixum]
1411 1819 1549 1886 Confert
1575 1821 1637 1886 istu

589 1944 660 1988 eum
682 1924 811 1988 Oenone
828 1945 930 1987 xxxv.
952 1923 1006 2008 qui
1029 1923 1146 1988 dicitur
1168 1923 1403 2007 Apostolorum,
1424 1922 1533 2008 Scipio
1554 1923 1637 1988 Mni-

589 2026 657 2088 seus
671 2047 702 2110 p.
714 2043 763 2089 20.
786 2023 972 2088 'Enioxorwv
985 2025 1026 2106 μὴ
1040 2029 1155 2109 τολμᾷν
1171 2026 1226 2105 ἔξω
1239 2032 1299 2089 τῶν
1320 2029 1425 2090 ἑαυτοῦ
1444 2027 1526 2108 ὅρων
1542 2051 1638 2110 χειρο-

588 2128 690 2193 τονίας
703 2132 853 2190 ποιεῖσθαι
868 2129 910 2192 εἰς
924 2130 976 2193 τὰς
987 2127 1027 2208 μὴ
1041 2127 1235 2207 ὑποκειμένας
1249 2129 1327 2214 αὐτῷ
1342 2130 1448 2197 πόλεις
1462 2129 1511 2193 rui
1530 2131 1637 2213 χόρος.

590 2232 617 2293 εἰ
631 2231 664 2292 δὲ
680 2231 838 2312 ἐλεγχθείη
855 2233 938 2292 τοῦτο
953 2230 1119 2308 πεποιηκὼς
1137 2234 1218 2311 παρὰ
1237 2231 1364 2310 τὴντῶν
1383 2232 1573 2314 κατεχόντων
1586 2234 1639 2297 uir

589 2334 693 2397 πόλεις
708 2333 824 2397 ἐκεῖνος
836 2329 855 2409 ἢ
869 2334 923 2397 τὰς
936 2332 1035 2415 χώρας
1049 2333 1179 2410 γνώμην,
1197 2333 1393 2414 καθαιρείσθω
1408 2333 1456 2397 καὶ
1477 2333 1576 2411 αὐτὸς,
1592 2335 1640 2396 καὶ

589 2433 641 2499 οὓς
666 2435 904 2515 ἐχειροτόνησεν.
950 2432 1054 2495 Porro
1076 2432 1150 2496 inde
1171 2441 1319 2497 constare
1338 2433 1386 2498 sit
1404 2433 1484 2519 legis
1503 2435 1641 2521 untiqui-

591 2545 704 2612 tctem,
724 2537 807 2621 quod
823 2559 885 2622 per
905 2537 1106 2613 ονοοεοοίοονο,
1123 2543 1160 2601 ut
1182 2537 1265 2602 inira
1287 2536 1427 2624 positum
1449 2545 1500 2603 ost
1518 2537 1573 2603 lin.
1587 2557 1638 2624 23.

590 2638 743 2703 emonam
760 2650 892 2724 patrino
915 2652 1092 2717 οονννονννο,
1116 2641 1176 2705 hoo
1199 2649 1260 2717 est,
1284 2663 1385 2727 usque
1408 2642 1451 2706 eb
1474 2642 1640 2727 apostolis,

590 2741 776 2805 transmissa
790 2741 895 2805 inerit.

635 2842 719 2905 Ibid.
736 2843 818 2921 l.14.
834 2844 914 2908 bene
929 2844 1021 2908 nimis
1036 2866 1153 2928 mugne
1166 2845 1231 2932 est]
1248 2842 1336 2914 Quid
1356 2844 1552 2909 connubium
1569 2866 1642 2931 per-

590 2945 758 3010 ticulnrum
774 2947 957 3010 Graeoarum
973 2954 1046 3031 post
1061 2946 1130 3010 haeo
1143 2947 1255 3024 lateat,
1271 2946 1385 3011 nescio.

632 3047 712 3110 Ibid.
729 3048 750 3111 1.
766 3069 815 3133 19.
830 3047 983 3133 reperire]
1002 3049 1047 3111 H.
1060 3071 1087 3112 e.
1102 3057 1140 3112 ut
1154 3049 1350 3114 ordinentur.

633 3150 818 3234 Ibid.1.23.
840 3150 968 3215 Christo
987 3152 1220 3236 susceptorum]
1240 3151 1366 3215 Auctor
1386 3150 1524 3216 fortusse
1544 3151 1641 3237 scrip

590 3261 677 3318 serat
702 3256 922 3336 Χριστοδόχων,
958 3263 992 3319 et
1026 3255 1212 3318 vertendum
1247 3261 1329 3328 erut,
1367 3252 1522 3317 Christum
1550 3255 1640 3318 sueci-

583 3356 747 3440 pientium,
763 3364 800 3419 ut
815 3354 897 3419 inira
912 3356 1011 3421 habes
1030 3379 1061 3439 p.
1074 3377 1125 3441 93.
1142 3356 1160 3420 l.
1175 3375 1225 3420 21.
1242 3356 1346 3419 indoti
1365 3355 1531 3420 Christum.
1569 3358 1640 3421 Vox

591 3461 745 3541 Θεοδθχος
763 3458 848 3542 opud
873 3468 1019 3524 auctores
1040 3459 1186 3536 occurrit,
1203 3469 1237 3523 et
1251 3481 1272 3523 u
1290 3457 1420 3523 Suioero
1435 3458 1469 3522 in
1487 3458 1639 3524 Τθονοννο

589 3560 798 3624 Eochcioetioo
812 3562 911 3623 Deum
924 3564 1087 3648 comptem
1101 3562 1280 3648 exponitur.

636 3661 718 3724 Ibid.
735 3661 754 3724 l.
770 3682 819 3742 24.
842 3665 947 3749 magni
966 3665 1103 3749 episcopi
1122 3687 1161 3730 ec
1175 3663 1277 3749 petris
1297 3662 1399 3727 nostri
1420 3662 1524 3747 Petri]
1543 3663 1638 3727 Alex·

588 3762 723 3827 endrino
739 3784 831 3848 papae
846 3788 954 3830 omnes
970 3768 1108 3852 AEgppti
1124 3766 1292 3853 provinciae
1307 3764 1459 3849 subjeotae
1474 3774 1561 3830 sunt.

635 3866 715 3929 Ibid.
733 3866 753 3928 Ι.
765 3886 818 3950 32.
842 3879 970 3952 pastore
993 3892 1054 3932 non
1077 3868 1285 3955 subsistente]
1308 3867 1433 3931 Videris
1453 3888 1525 3951 quae
1545 3870 1585 3932 de
1606 3868 1636 3932 S.

593 3967 679 4032 Petri
706 3968 781 4053 iuga
806 3993 903 4055 supra
928 3972 1150 4037 adnotavimus
1178 3972 1220 4036 ed
1247 3968 1409 4054 Reliquias
1440 3970 1509 4055 ejus
1540 3993 1571 4055 p.
1587 3973 1636 4034 61.

592 4070 757 4133 Meletium
774 4072 863 4136 Petri
883 4074 990 4159 iugem
1008 4081 1174 4139 canutum
1189 4071 1315 4136 ordines
1334 4093 1443 4136 sacros
1457 4073 1635 4147 contulisse,

590 4181 702 4236 narrat
719 4174 909 4240 Sozomenus
924 4178 1006 4241 Hirt.
1023 4177 1107 4241 Ecol.
1125 4176 1150 4239 Ι.
1165 4195 1215 4253 24.

636 4274 718 4337 Ibid.
749 4276 921 4342 multorum
952 4279 1186 4361 incredulitate]
1221 4280 1276 4338 An
1309 4275 1499 4360 intelligitur
1532 4276 1634 4359 lapsus

590 4377 782 4442 multorum?
