4092 5150
652 1207 890 1292 RELIQUAE
916 1201 1330 1276 ANNOTATIONES

489 1404 761 1468 CHRISTOPH.
783 1403 806 1465 J
811 1402 1002 1466 USTELLI
1028 1402 1085 1465 ΕΤ
1108 1400 1212 1465 GUL.
1236 1393 1489 1461 BEVEREGH

975 1607 1007 1644 lx

527 1760 707 1816 CANONES
727 1756 999 1813 CONCILIORUM
1019 1754 1218 1809 ANCYRANI
1238 1753 1286 1808 ET
1304 1751 1460 1807 NEOCAE·

893 1842 1100 1897 saulssn'sls.

860 2019 1133 2058 *4*

515 2175 703 2240 Sneuuurun
719 2171 913 2235 commodius
929 2170 979 2233 hie
994 2170 1115 2254 positae,
1132 2177 1263 2254 propter
1280 2190 1390 2232 earum
1408 2167 1517 2252 ampli-

472 2277 624 2348 tudinem,
645 2274 773 2359 reliquae
793 2273 1015 2357 Christophori
1038 2272 1166 2336 Justelli
1188 2272 1287 2335 Note
1309 2271 1342 2333 iu
1364 2271 1433 2333 haee
1456 2271 1518 2333 duo

472 2377 612 2441 Concilio
634 2378 675 2439 ad
700 2375 847 2446 Godicem,
871 2395 964 2458 quem
984 2376 1260 2449 monteamiato
1276 2373 1421 2437 Ecclesioe
1444 2372 1518 2435 Ual-

473 2502 567 2542 oersoe
582 2480 791 2562 conscriptae;
814 2486 881 2540 tum
898 2499 972 2540 vero
993 2477 1064 2540 aliae
1086 2477 1194 2540 multae
1215 2475 1288 2540 Gul.
1305 2476 1468 2561 Beveregii
1488 2476 1519 2537 iu

473 2583 583 2645 eadem
612 2582 752 2645 Concilio
777 2580 1032 2653 Annotationee;
1066 2591 1164 2644 utne
1189 2580 1426 2643 desideraretur
1445 2578 1520 2664 quid

474 2686 591 2747 faciens
605 2686 646 2746 nd
662 2684 863 2765 antiquitatis
877 2683 1036 2746 canoniea·
1052 2682 1303 2746 illustrationem.

747 2943 948 3014 CONCIL.
976 2943 1247 3013 ANCYRAN.

899 3115 1050 3172 CANON
1073 3115 1097 3171 1.

519 3224 552 3279 P.
572 3239 633 3294 ¹¹7·
650 3221 668 3277 l.
683 3242 709 3295 5.
732 3225 920 3297 ὑποπεσόντες]
945 3221 1023 3278 Olim
1048 3223 1077 3278 in
1099 3221 1218 3279 ecclesia
1237 3221 1335 3299 plures
1356 3234 1439 3278 erant
1461 3222 1523 3279 arri-

476 3320 683 3377 madversionis
697 3320 813 3396 gradus,
828 3326 1009 3393 πρόσκλσοσις
1021 3320 1164 3385 videlicet,
1177 3321 1308 3392 ἀκρόασις,
1321 3319 1483 3382 ὑπόπτωσις,
1494 3331 1524 3376 et

477 3418 617 3473 σύστασις.
660 3416 799 3473 Omnium
817 3418 936 3474 istorum
958 3417 1089 3474 meminit
1110 3416 1267 3493 Gregorius
1285 3415 1524 3492 Thaumatnrgus

477 3514 562 3590 epist.
578 3532 700 3570 can.11.
717 3525 747 3570 et
767 3514 893 3571 Basilius
916 3515 945 3571 in
968 3513 1091 3592 epistola
1113 3512 1250 3569 canonica
1262 3529 1290 3585 3.
1309 3511 1345 3568 ud
1365 3510 1523 3590 Amphilo-

477 3609 573 3667 chium
590 3630 651 3666 can.
664 3611 712 3683 58.
729 3615 743 3663 ὁ
757 3612 908 3682 μοιχεύσας,
918 3612 1173 3666 πεντεκαιδεκσοτίσν.
1188 3613 1306 3681 τέσσαρα
1315 3613 1363 3680 μὲν
1373 3613 1428 3677 ἴση,
1440 3633 1524 3682 προσ·

476 3705 582 3762 κλαίων
604 3711 680 3761 πέντε
694 3710 732 3773 δὲ,
747 3711 915 3779 ἀκροώμενος.
938 3713 1064 3779 τέσσαρα,
1082 3709 1240 3762 ὑποπίπτων·
1265 3711 1305 3761 καὶ
1319 3710 1365 3769 ἑνὶ,
1380 3711 1525 3765 συνεστός.

479 3803 535 3860 Est
556 3814 652 3860 autem
674 3809 864 3878 πρόσκλσυσις,
880 3825 944 3863 curn
967 3806 1032 3881 quis
1053 3804 1176 3861 admisso
1198 3814 1315 3881 peccato
1328 3815 1413 3860 extra
1434 3803 1525 3861 eccle·

479 3899 548 3954 aiam
573 3910 660 3969 stans,
677 3921 741 3957 eum
760 3901 840 3958 luctu
856 3913 886 3959 et
906 3901 1040 3979 lacrymis
1053 3922 1102 3958 eos
1116 3901 1167 3976 qui
1186 3899 1390 3976 ingrediuntur
1409 3912 1474 3957 orat
1492 3915 1527 3958 ut

478 4015 576 4071 prose
591 3995 813 4054 misericordiam
830 3998 885 4054 Dei
902 3997 1050 4054 elicerent.
1093 3997 1212 4054 Grmcus
1221 3995 1388 4053 scholiastes
1400 3995 1528 4054 Harme-

479 4089 580 4166 nopuli
601 4090 630 4146 in
649 4094 776 4169 epitome
795 4114 936 4150 canonum
957 4106 1026 4151 sect.
1039 4115 1066 4150 v.
1082 4095 1129 4150 tit.
1142 4113 1168 4168 3.
1188 4091 1364 4167 προσκλσίων,
1380 4098 1461 4166 ἤγουν
1477 4097 1528 4165 ἔξω

480 4191 525 4254 τῆς
544 4189 681 4257 ἐκκλησίας
704 4193 849 4260 ἱστάμενος,
870 4193 909 4244 καὶ
928 4198 979 4246 τῶν
1001 4194 1135 4245 εἰσιόντων
1153 4193 1281 4259 δεόμενος,
1296 4192 1361 4261 ὑπὲρ
1382 4193 1463 4246 αὐτοῦ
1485 4195 1528 4246 εὔ.

479 4284 583 4354 χισθαι.
605 4338 607 4343 ,
628 4283 707 4340 Hinc
722 4285 868 4361 eleganter
884 4286 1084 4344 Tertullianus
1098 4287 1183 4350 dixit,
1196 4286 1362 4353 Fratribus,
1372 4285 1529 4371 legatiom
