4092 5150
473 1050 512 1128 S.
535 1045 832 1127 PAMPHILI
863 1045 1176 1130 MARTYRIS
1205 1049 1522 1132 APOLOGIAE

553 1273 638 1335 PRO
661 1272 857 1331 ORIGENE
879 1272 956 1344 QUI
979 1272 1108 1331 SOLUS
1131 1273 1296 1332 RESTAT
1317 1274 1448 1333 LIBER

916 1377 1090 1444 PRIMUS,

624 1576 676 1630 EX
695 1574 814 1631 RUFlN
817 1574 829 1629 1
849 1572 1209 1629 INTERPRETATIONE
1228 1573 1379 1629 LATINA.

499 1762 557 1827 Ad
576 1762 751 1827 Editicncm
772 1760 1160 1925 Delumeennrpuoperum
1185 1760 1333 1845 Oripinis,
1358 1759 1498 1826 Pariein

834 1862 922 1950 apud
933 1863 983 1927 Dc
1024 1883 1056 1927 re
1075 1878 1166 1946 1759.

855 2090 1133 2131 Ψ

480 2241 563 2336 DE
583 2269 744 2355 Apologia
765 2271 799 2333 S.
811 2268 970 2355 Pamphili
992 2291 1051 2355 pre
1072 2269 1220 2355 Origene,
1236 2275 1334 2353 atque
1356 2268 1526 2334 Rufiniene

475 2372 618 2457 ejusdem
634 2371 916 2456 Interpretntione‚
933 2370 1009 2456 quid
1024 2373 1231 2437 statuendum
1245 2372 1320 2435 viris
1334 2372 1525 2436 doctissimis

474 2471 645 2548 videretur,
661 2492 758 2556 supre
772 2472 804 2534 in
825 2470 1100 2534 Annotetionibns
1118 2472 1161 2535 ad
1183 2473 1215 2535 S.
1226 2471 1423 2535 Psurnnuu
1438 2494 1469 2557 p.
1480 2492 1524 2556 50

474 2590 574 2659 -54.
590 2572 732 2658 exposui.
778 2571 910 2636 Librum
924 2571 1073 2657 primum,
1088 2596 1182 2660 quem
1197 2575 1298 2638 solum
1313 2576 1447 2638 Rufinus
1458 2596 1527 2638 ver-

477 2676 573 2739 tendo
592 2675 685 2738 nobis
699 2674 847 2752 servavit,
862 2673 913 2736 hic
929 2682 1193 2758 repraesentatum
1216 2675 1324 2753 habes,
1340 2675 1525 2761 plerumque

474 2777 599 2840 emissis
610 2776 769 2861 excerptis
780 2798 820 2839 ex
832 2775 978 2861 Origene,
992 2797 1063 2860 quae
1078 2782 1206 2840 tentum
1219 2777 1333 2842 Latine
1345 2783 1524 2862 supersunt.

475 2879 670 2964 Origeniann
691 2886 811 2954 autem,
827 2898 896 2960 quae
920 2897 983 2938 non
999 2875 1066 2938 sine
1081 2896 1178 2938 cause
1197 2875 1230 2938 in
1250 2876 1311 2940 hoc
1331 2898 1427 2961 opere
1446 2898 1526 2961 prae·

475 2982 623 3048 termisse
645 2988 729 3057 sunt,
750 2979 837 3065 apud
857 2977 959 3063 ipsum
979 2976 1150 3062 Origenem
1170 2977 1362 3063 deprehendi
1381 2986 1525 3063 possunt,

474 3083 638 3170 explentia
651 3083 722 3167 plus
737 3080 867 3172 dimidio
882 3078 988 3142 libelli.
1028 3079 1140 3162 Neque
1153 3079 1216 3143 huc
1230 3081 1388 3144 adducere
1406 3081 1527 3144 Admo-

475 3185 629 3249 nitionem
649 3183 682 3247 in
703 3184 838 3248 eundem
852 3180 1090 3244 Delerueanam
1109 3181 1190 3245 adeo
1210 3182 1421 3247 necessarium
1441 3183 1526 3248 vide-

474 3286 581 3351 betur.

866 3389 1135 3428 *-

751 3539 811 3609 IN
838 3538 1250 3610 APOLOGETICUM

548 3730 697 3788 SANC'I'I
718 3729 915 3787 PAMPHILI
936 3729 1146 3787 MARTYRIS
1168 3730 1246 3786 PRO
1268 3728 1453 3786 ORIGENE

662 3905 792 3954 RUFINI
819 3904 1004 3957 PRAEFATIO
1030 3906 1080 3954 AD
1105 3904 1339 3956 MACHARIUM.

518 4032 754 4094 Coenoscnunn
779 4029 924 4094 veritatis
949 4052 1058 4095 amore
1081 4036 1255 4114 permotus,
1283 4051 1302 4092 ο
1326 4027 1374 4090 vir
1403 4024 1525 4089 deside-

473 4132 593 4196 riorum
616 4132 774 4208 Mechari‚
790 4131 928 4216 injungis
950 4132 1025 4195 mihi
1049 4154 1126 4209 rem,
1142 4154 1212 4217 quae
1228 4131 1287 4196 tibi
1308 4128 1425 4214 agnitae
1446 4127 1526 4190 veri·

474 4237 554 4299 tetis
577 4233 716 4319 gretiam
739 4234 902 4297 conferat:
925 4233 1002 4297 mihi
1026 4242 1133 4298 tamen
1157 4254 1219 4295 non
1244 4231 1356 4295 dubito
1379 4229 1455 4315 quin
1481 4228 1527 4291 of-

473 4334 593 4400 fensam
608 4337 779 4399 ninximam
795 4343 958 4419 comparet
978 4356 1097 4410 eorum,
1115 4334 1168 4418 qui
1189 4357 1224 4397 se
1239 4333 1332 4397 laeses
1349 4337 1466 4417 putant
1481 4330 1522 4393 ab

946 4460 968 4500 x
987 4461 1007 4500 x
1025 4457 1043 4502 2
