4092 5150
478 423 543 484 424
813 420 1195 486 ANNOTATIONES

480 591 659 655 “floruisse
684 590 805 655 debuit.
850 591 901 655 De
925 590 979 654 illo
1007 588 1177 654 Fabricius
1201 587 1289 654 Bidl.
1319 591 1379 654 Gr.
1401 586 1467 655 Lib.
1482 591 1521 656 iri.

479 701 498 728 “
514 715 582 778 cap.
600 693 642 757 xi.
657 716 731 778 pag.
743 693 837 778 302.”

522 795 561 857 P.
573 808 648 879 395.
665 794 687 857 l.
702 815 731 875 7.
741 793 964 872 Ἀσκληπιάδης
975 796 992 856 d
1005 793 1117 878 ἰατρὸς]
1136 792 1228 857 Idem
1238 792 1395 857 Gorsium
1405 814 1438 878 p.
1448 793 1521 857 xxvi.

478 905 501 934 “
518 895 724 980 Asclepiades
739 895 908 971 Prusiade,
923 893 983 966 vel.
998 900 1035 957 ut
1049 900 1148 958 antea
1162 893 1342 971 dicebatur,
1358 895 1414 959 Oio
1424 894 1523 980 Bithy·

479 1006 499 1032 “
515 996 575 1060 niae
591 996 670 1061 urbe
683 1005 789 1074 uatus,
804 995 978 1060 oratoriam
997 995 1146 1080 primum,
1161 1015 1239 1058 mox
1257 995 1417 1059 medicam
1431 1004 1522 1060 artem

480 1107 501 1136 “
517 1098 664 1163 excoluit.
710 1097 852 1181 Pompeii
873 1096 980 1182 magni
1000 1097 1198 1181 temporibus
1212 1097 1334 1173 floruit,
1351 1121 1452 1183 eoque
1467 1121 1523 1163 me

480 1210 501 1239 “
517 1202 588 1264 dico
609 1222 685 1263 usus
699 1208 749 1263 est
771 1197 895 1276 Cicero,
915 1205 953 1262 ut
971 1197 1039 1283 ipse
1059 1205 1210 1276 testatur,
1225 1199 1281 1262 lib.
1292 1200 1312 1263 i.
1329 1201 1372 1264 de
1395 1200 1522 1264 Oratore

479 1311 500 1340 ‘⁸
515 1325 585 1387 cap.
607 1323 655 1382 ¹4·
702 1301 790 1364 Vixit
809 1299 901 1364 annis
919 1314 989 1383 150.
1036 1299 1199 1363 Videndus
1223 1301 1397 1366 Fabricius
1421 1303 1473 1366 lib.
1487 1302 1522 1366 ri

479 1413 499 1440 “
514 1426 584 1488 cap.
597 1423 628 1486 9.
649 1424 722 1488 pag.
735 1403 786 1480 87.
833 1400 1038 1485 Asclepiades
1063 1401 1146 1464 alter
1171 1402 1297 1466 Galeno
1326 1413 1521 1482 memoratus,

480 1512 500 1539 ‘⁴
516 1503 652 1567 Neronis
663 1504 942 1588 proximorumque
952 1501 1114 1567 Oaesarum
1125 1510 1224 1568 aetate
1233 1504 1367 1582 floruit;
1384 1507 1522 1591 quemad·

479 1613 499 1640 “
509 1606 635 1668 modum
647 1604 882 1689 C.Oalpumius
893 1603 1098 1688 Asclepiades
1110 1606 1213 1668 Prusa
1223 1606 1267 1668 ad
1278 1606 1458 1692 Olympiam
1469 1608 1522 1671 ori·

478 1715 500 1744 “
511 1708 613 1769 undus
627 1707 757 1790 Trajani
772 1705 968 1790 temporibus
979 1704 1067 1780 vixit,
1078 1712 1236 1789 nutusque
1251 1729 1339 1771 auno
1350 1708 1395 1774 U.
1407 1711 1440 1775 O.
1456 1713 1519 1790 840.

479 1817 500 1847 “
515 1809 778 1892 septuagenarius
793 1807 923 1872 interiit.
956 1806 1123 1871 Fabricius
1137 1806 1265 1884 ibidem,
1282 1831 1314 1893 p.
1328 1829 1383 1892 90.
1415 1811 1520 1895 Itaque

478 1917 499 1948 “
514 1910 697 1994 ambiguum
713 1909 816 1994 plane,
832 1931 925 1994 quem
940 1931 980 1972 ex
995 1907 1196 1992 Asclepiadis
1211 1909 1284 1974 istis
1298 1910 1445 1995 designet
1455 1912 1519 1975 Plu·

479 2020 503 2051 “
515 2012 646 2076 tarchus
661 2011 714 2074 ubi
729 2011 824 2074 variis
843 2011 876 2073 in
896 2009 973 2073 locis
992 2009 1193 2093 Asclepiadis
1207 2011 1376 2094 opiniones
1390 2013 1516 2098 exponit,

480 2121 612 2197 “quum
629 2121 762 2196 uterque
776 2113 817 2174 de
836 2113 931 2175 rebus
952 2111 1081 2175 medicis
1095 2111 1193 2175 libros
1212 2111 1257 2175 ibi
1277 2135 1299 2176 a
1315 2112 1461 2179 Fabricio
1473 2136 1515 2177 ra·

479 2222 500 2251 “
516 2213 653 2277 censitos
667 2214 835 2276 ediderit.”
872 2214 955 2277 Haeo
966 2212 1124 2276 Corsinus.
1166 2212 1395 2299 Quemcunque
1408 2216 1515 2279 interea

479 2315 637 2377 hominem
662 2314 864 2398 Asclepiadis
886 2314 1012 2378 nomine
1039 2314 1165 2398 signare
1195 2314 1295 2378 velint
1319 2316 1453 2401 scriptor
1472 2318 1513 2380 Do

479 2416 612 2478 Pacius
625 2422 659 2478 et
680 2415 863 2498 Dionysius,
877 2437 898 2478 a
919 2437 981 2500 quo
1004 2415 1123 2479 seilicet
1142 2416 1242 2479 atomi
1266 2420 1353 2499 ὄγκοι
1374 2417 1511 2482 nominati

477 2516 551 2592 sint,
575 2516 626 2581 hio
648 2516 731 2580 enim
751 2539 814 2579 non
837 2517 976 2602 positum
999 2530 1059 2594 est,
1083 2519 1130 2582 itu
1153 2518 1275 2582 dictum
1295 2518 1393 2585 fuisse
1414 2520 1509 2584 Ascle-

478 2619 623 2703 piadem3
641 2626 708 2683 tarn
723 2619 811 2681 illum
823 2641 918 2704 quam
932 2621 1137 2684 Heraclidem
1149 2623 1410 2687 commemoravit
1423 2623 1452 2685 in
1464 2622 1507 2685 lib.

478 2721 514 2781 de
530 2722 646 2783 Anima
662 2722 885 2796 Tertullianus,
902 2722 985 2784 hunc
1000 2723 1032 2785 iu
1048 2745 1074 2786 c.
1088 2744 1117 2804 9.
1135 2721 1222 2784 illum
1238 2722 1271 2785 in
1287 2746 1312 2786 c.
1330 2744 1379 2808 15.
1423 2725 1506 2786 Porro

480 2832 648 2906 utrumque
668 2823 752 2885 inter
767 2824 954 2886 vetustiores
976 2824 1045 2886 illos
1060 2824 1229 2887 atomistas
1243 2835 1388 2890 recenset
1409 2826 1505 2889 doctis

478 2923 575 2985 simus
585 2925 807 2995 Cudworthus,
819 2948 896 3007 quos
907 2925 1033 3007 quidem
1047 2947 1108 2987 non
1120 2927 1233 2989 atheos
1243 2950 1320 3004 esse,
1332 2929 1396 2992 sive
1408 2932 1503 2992 Demo

478 3036 612 3100 erateoS,
625 3027 779 3099 eredidit;
802 3027 862 3088 rid.
879 3027 1013 3108 Systerna
1024 3027 1226 3090 Intelleciuule
1240 3052 1310 3113 cap.
1324 3031 1344 3091 i.
1364 3035 1392 3113 ξ.
1408 3034 1448 3093 ι6.

522 3127 603 3189 ibid.
631 3129 650 3190 l.
671 3150 719 3191 10.
745 3134 814 3193 Πῶς
833 3129 929 3189 αιἰιῶν
954 3130 1155 3209 ἆνιισχῶμεθα
1181 3131 1251 3214 dra]
1278 3131 1445 3195 Praefixun
1465 3139 1502 3193 esi

477 3228 590 3291 lemma
606 3231 665 3293 hoc
680 3231 711 3292 in
729 3230 857 3293 Eusebii
873 3229 977 3291 libris:
999 3228 1076 3292 'And
1088 3237 1147 3292 τῶν
1161 3234 1195 3294 ἓν
1209 3235 1376 3312 ἀνθρώποις
1389 3238 1501 3311 sicodor

475 3330 585 3407 μάτων.
607 3332 665 3392 ἀπὸ
689 3338 740 3392 τοῦ
763 3333 861 3394 αἰτοῦ.
900 3333 1012 3393 Rerum
1029 3332 1109 3394 iuter
1129 3332 1260 3395 hoiitines
1282 3335 1449 3418 cztlgrum'am
1466 3353 1501 3394 ec

475 3432 580 3515 caripdis
598 3434 819 3516 Epicureorum
834 3433 940 3517 <lopun
956 3433 1115 3516 refellitur.
1153 3436 1205 3497 Es
1219 3435 1326 3497 codena

520 3533 601 3595 lbid.
618 3534 637 3595 l.
658 3556 704 3618 ¹3·
728 3537 775 3596 καὶ
801 3534 862 3596 καθ’
880 3535 981 3618 ἑαυτὸ]
1001 3537 1051 3599 Ut
1074 3536 1123 3598 hio
1142 3536 1251 3598 addidi
1272 3537 1454 3621 particulam
1467 3534 1502 3597 rol

476 3658 514 3698 ex
539 3638 633 3698 ilISto
658 3636 730 3698 foll.
756 3638 788 3698 S.
803 3636 895 3697 lain.
920 3636 1130 3720 desumptam,
1147 3637 1191 3699 sic
1214 3637 1313 3700 etiam
1335 3647 1410 3702 ante
1430 3656 1502 3700 voces

476 3737 536 3799 εἶδε
562 3741 629 3816 γὰρ,
654 3738 786 3799 eandem
810 3736 946 3811 restitui,
970 3760 1066 3821 quum
1093 3739 1190 3801 habet
1219 3749 1253 3802 et
1282 3741 1322 3802 R.
1340 3741 1501 3826 Stephanae,

474 3839 563 3921 cujus
590 3840 734 3922 princeps
758 3839 857 3901 editio
886 3849 946 3902 est.
996 3842 1052 3902 Kal
1078 3840 1141 3903 καθ’
1167 3843 1254 3904 ἑαυτὸ
1282 3852 1435 3926 praestant
1456 3841 1502 3903 duo

473 3943 573 4003 llas.
593 3941 819 4022 (Aristoteliam.

519 4043 640 4124 1’.396.
664 4042 683 4103 l.
701 4063 725 4104 1.
751 4045 972 4122 νουθετοῦιται]
996 4044 1115 4106 Deesse
1137 4045 1256 4128 aliquid
1277 4048 1404 4110 videtur
1420 4044 1501 4130 [edila

472 4143 565 4206 lectio
588 4144 691 4205 lucrat
715 4144 961 4228 ι·ουθετοιῖι·τωι’];
986 4145 1125 4228 pendent
1146 4147 1229 4208 enim
1252 4147 1326 4220 ista,
1346 4169 1402 4210 neo
1423 4144 1499 4208 verbo

472 4246 535 4307 ullo
559 4245 739 4307 fulciuntur.
785 4247 867 4326 Quid
890 4246 916 4309 si
940 4250 971 4325 ἐξ
996 4250 1047 4321 ὧν,
1072 4248 1156 4330 quod
1177 4249 1321 4333 sequitur
1341 4250 1406 4331 (lin.
1421 4246 1496 4322 ead),

472 4348 656 4410 tolleretur?
679 4348 760 4427 Quid
784 4349 810 4411 si
833 4356 906 4434 post
928 4349 1174 4429 παραδειγμάτων
1195 4351 1369 4415 adderetur
1389 4360 1493 4431 φιλοσο·
