4092 5150
472 426 515 492 56
822 422 1176 491 ANNOTATIONES

516 598 554 661 P.
579 615 629 682 25.
651 596 672 661 l.
695 617 726 676 4.
748 596 822 677 πρὸς
839 597 879 682 τῷ
898 596 989 681 ἑτίριρ
1010 594 1125 681 χρόνῳ]
1157 596 1213 660 Ad
1234 593 1408 660 triennium
1428 615 1519 681 nupta

472 706 692 772 memoratum,
708 698 812 782 inquit
827 699 980 763 Zonaras.
1004 699 1169 761 Hennam.

517 802 599 867 lbid.
614 801 634 866 l.
653 822 685 886 5.
701 803 775 883 ὑπὲρ
796 805 850 865 τοῦ
868 799 1025 886 ὀνόματος]
1056 799 1097 863 ln
1114 798 1205 864 editio
1223 800 1380 885 nequitur,
1404 799 1453 864 vel
1471 804 1519 863 τοῦ

473 910 615 986 Χριστοῦ,
639 904 687 967 vel
711 908 761 967 τοῦ
784 909 877 976 Θεοῦ,
900 911 1049 967 neutrum
1070 900 1316 987 agnoscentibus
1336 902 1469 988 quinque
1486 922 1519 965 en

473 1005 624 1071 codicibus
638 1007 732 1081 mera·
755 1005 879 1091 phronis
893 1005 977 1069 enim
992 1002 1200 1088 scriptoribus
1213 1003 1374 1069 veteribus
1388 1001 1520 1068 solennis

472 1116 532 1185 est,
554 1109 588 1172 in
607 1108 719 1173 Sancti
738 1107 869 1171 donanis
889 1107 1013 1191 epistola
1035 1107 1128 1170 tortio
1149 1126 1261 1169 oomm.
1285 1122 1314 1188 7.
1334 1103 1519 1191 reportati

473 1211 567 1274 modo
583 1232 657 1274 vera
671 1210 714 1274 nit
729 1209 886 1294 scriptura
900 1230 921 1272 a
935 1209 1011 1272 viris
1025 1208 1129 1273 doetie
1144 1209 1288 1294 probata,
1304 1209 1379 1290 ὑπὲρ
1395 1211 1453 1290 γὰρ
1471 1213 1521 1271 τοῦ

473 1313 618 1390 ὀνόματος
630 1314 765 1390 ἐξῆλθον,
776 1312 868 1390 μηδὲν
878 1310 1087 1390 λαμβάνοισες
1098 1309 1157 1375 ert
1166 1316 1225 1374 τῶν
1235 1312 1340 1384 ἐθνῶν,
1350 1309 1407 1374 ubi
1416 1316 1520 1375 tamen

473 1435 558 1495 aaepe
573 1413 696 1477 editum
710 1419 760 1477 eet
775 1412 865 1476 αὐτοῦ
879 1418 952 1497 poet
963 1414 1117 1491 ὀνόματος.
1163 1411 1314 1477 Similiter
1328 1412 1473 1478 variatur
1489 1412 1521 1477 in

473 1516 542 1580 Aet.
566 1515 668 1600 Apoet
684 1537 711 1579 v.
728 1534 782 1594 41.
828 1513 891 1578 Sed
916 1520 950 1578 et
971 1515 1055 1579 infra
1076 1515 1110 1579 in
1136 1514 1265 1580 Oenone
1281 1514 1366 1579 XII.
1381 1537 1455 1602 pag.
1470 1535 1521 1596 40.

473 1616 529 1680 lin.
549 1631 597 1698 17.
622 1618 738 1681 Petrus
760 1615 805 1680 sie
826 1615 951 1679 loeutus
973 1621 1033 1679 eet.
1079 1613 1175 1684 Quod
1196 1615 1314 1680 attinet
1335 1616 1378 1680 ad
1400 1624 1522 1681 eeteros

474 1719 566 1783 oodd.
582 1717 783 1791 Bodleianoe,
799 1716 920 1782 habent
934 1717 1189 1782 additamentum
1203 1722 1256 1782 τοῦ
1273 1719 1394 1800 Κυρίου,
1408 1705 1522 1804 qnippe

475 1817 508 1880 in
541 1817 718 1882 vacillantia
751 1816 826 1880 fidei
862 1816 1052 1881 lectionibus
1085 1817 1244 1903 seriptum
1277 1817 1394 1882 variari
1431 1818 1521 1893 nolet,

475 1919 560 1984 codd.
580 1920 652 2004 158.
673 1926 707 1984 et
728 1919 780 1983 86.
796 1918 909 1983 itidem
928 1919 990 1983 cod.
1008 1920 1105 2004 3385.
1129 1921 1186 1984 sed
1206 1924 1259 1984 τοῦ
1279 1919 1417 1996 ominem
1441 1920 1523 1986 solua

475 2021 605 2086 exhibet
619 2027 672 2085 τοῦ
686 2025 818 2102 Χριστοῦ
832 2021 897 2085 eod.
914 2040 955 2085 20
955 2037 987 2107 5,
1004 2021 1106 2085 nullus
1120 2021 1311 2087 Bodleianue
1325 2026 1378 2086 τοῦ
1393 2027 1488 2088 Θεοῦ.

520 2124 604 2189 ibid.
619 2123 639 2187 l.
653 2139 682 2206 7.
700 2121 776 2204 ἅπερ
790 2127 1046 2188 πολλαπλασίονα
1060 2126 1265 2214 ἆποδοίσουσι]
1279 2126 1433 2190 Zonaras.
1442 2124 1524 2189 Ἀντί

476 2231 537 2298 τοῦ,
554 2224 618 2290 ἀνθ’
635 2228 677 2290 ὧν
688 2225 867 2304 ἀπήλαυσαν
883 2228 917 2289 ἓν
931 2226 967 2304 τῇ
982 2230 1113 2307 φυλακῇ,
1129 2233 1343 2305 μετανοοῦντες
1360 2229 1524 2310 θλίψουσιν

478 2327 598 2394 ἑαυτοὺς
613 2328 661 2391 καί
677 2329 845 2391 κακιίσουσι
858 2328 1106 2395 πολλαπλασίας.
1139 2327 1352 2413 Similiterque
1369 2329 1523 2414 interpre-

477 2437 566 2494 tatus
580 2436 630 2494 est
645 2430 741 2493 verba
756 2429 985 2508 Tillemontius,
1000 2430 1054 2494 ubi
1069 2453 1186 2516 supra3
1208 2452 1248 2495 ea
1261 2453 1336 2495 vero
1350 2431 1459 2496 malim
1473 2452 1524 2496 ex·

478 2552 595 2616 ponere
610 2530 650 2594 de
664 2529 773 2595 officiis
786 2531 1062 2597 remunerantibue
1076 2531 1139 2607 illa,
1154 2554 1226 2619 quae
1239 2533 1280 2597 ad
1294 2531 1436 2620 ipsorum
1454 2552 1525 2597 oon·

478 2631 664 2696 solationem
678 2655 699 2697 a
712 2634 865 2699 fratribus
879 2635 1026 2720 praestita
1041 2642 1156 2701 essent.
1200 2635 1360 2701 Gaeternm
1376 2642 1455 2700 ante
1475 2654 1524 2698 me

478 2734 622 2799 ediderat
637 2734 828 2821 Beveregiue
844 2734 930 2817 ὅπερ,
946 2738 1031 2822 quod
1051 2736 1181 2802 firmant
1200 2738 1311 2803 οοιίίοοο
1328 2738 1450 2824 arripit,
1469 2757 1524 2823 pro

478 2838 572 2917 οἵπερ.

524 2939 607 3004 Ibid.
622 2940 644 3003 l.
660 2960 708 3003 10.
733 2945 858 3020 Πνεῦμα
873 2942 996 3026 Κυρίου]
1020 2947 1073 3005 τοῦ
1087 2948 1164 3007 ante
1179 2943 1288 3023 Κυρίου
1298 2941 1356 3019 vel,
1369 2948 1407 3007 ut
1417 2940 1523 3027 aliqui,

480 3046 572 3119 Θεοῦ,
588 3042 708 3107 habent
722 3043 807 3120 editi,
830 3043 885 3107 eed
908 3044 1111 3129 refragantur
1130 3045 1214 3109 oodd.
1234 3064 1333 3109 omnes
1349 3042 1524 3119 Βοιίίοίαιιί,

479 3143 600 3227 pariter
614 3151 711 3228 atque
730 3167 819 3209 σαντα
834 3144 951 3219 Bittio,
976 3145 1007 3208 in
1030 3147 1143 3231 quibus
1162 3152 1277 3226 πνεῦμα
1298 3149 1408 3229 Κυρίου
1426 3153 1524 3212 extat.

479 3245 682 3330 Quapropter
706 3246 783 3310 illud
807 3251 859 3310 τοῦ
883 3248 993 3312 delevi.
1053 3250 1180 3313 Meoum
1203 3250 1308 3313 faeere
1331 3270 1415 3313 nune
1438 3250 1525 3314 video

480 3348 629 3434 Syllogen
655 3357 823 3433 utramque
852 3351 1008 3429 Graeoam,
1032 3359 1065 3417 et
1091 3351 1291 3416 novissimam
1315 3350 1525 3416 Gonoiiiorum

479 3452 661 3528 editionem,
679 3474 750 3536 quae
765 3452 936 3518 Maneiana
950 3461 1008 3518 eet.

878 3618 1031 3683 OANON
1054 3620 1125 3682 111.

525 3731 561 3793 P.
587 3732 637 3796 26.
659 3728 679 3792 i.
707 3750 733 3792 1.
756 3732 984 3810 προδεδομένοις
1001 3731 1058 3794 ῦπδ
1079 3732 1203 3817 δειλίας]
1227 3732 1337 3796 Minue
1359 3740 1448 3798 rente
1469 3734 1527 3799 ἆτδ

480 3853 539 3916 pro
547 3831 605 3895 ὑπὸ
617 3832 817 3896 Ονοοίίὶονυνι
826 3832 918 3896 editio
926 3832 1107 3908 Ηατιῦιιίνισ,
1119 3835 1348 3920 novissimaque
1359 3835 1528 3903 Maneiana

481 3942 515 3997 et
528 3933 608 3998 aliae.
654 3936 845 4001 Correxerat
859 3935 1059 4022 Beveregina.

526 4036 607 4100 Ibid.
623 4037 643 4100 l.
661 4058 709 4116 14.
726 4040 759 4101 iu
774 4042 813 4122 τῷ
830 4039 1004 4119 διαστήματι
1024 4044 1076 4101 τοῦ
1097 4041 1240 4103 τοσούτου
1263 4040 1388 4124 χρόνου]
1409 4039 1529 4123 Ἥγουν

482 4139 531 4201 ἐπὶ
542 4141 721 4219 τετραετίαν,
732 4146 818 4204 reete
829 4140 876 4204 ait
885 4142 1039 4214 Zonaras,
1049 4139 1318 4205 consentientibus
1330 4140 1528 4215 Baleamone‚

483 4238 638 4313 Aristino‚
666 4239 876 4319 tillemontio,
899 4242 922 4306 J
925 4242 1130 4327 ohneonoque
1152 4242 1184 4306 in
1209 4244 1372 4327 Ιπίονρνεί.
1398 4243 1529 4330 Anyto

484 4340 639 4404 Cononem
653 4341 828 4407 Εοοίοοίαοί.
860 4343 914 4418 Et,
931 4366 1123 4429 quamquam
1140 4345 1284 4411 Fleurius
1298 4344 1330 4409 in
1345 4345 1428 4410 Ηίσί.
1444 4344 1527 4409 Boot.
