4092 5150
472 419 536 482 ala
773 414 1023 494 RELIQUIAE
1042 413 1220 481 SACRAE.

472 587 562 690 ζιίου
579 584 740 692 ἐκάλυψε
764 584 807 666 τὸ
828 585 1027 689 πρόσωπον
1045 587 1163 686 αὐτῆς.
1189 592 1219 667 εί
1242 586 1282 667 δὲ
1306 586 1358 687 μὴ
1376 587 1515 694 σφόδρα

472 721 759 828 πιφλοίττουσιν,
793 719 1131 827 ἓνεισκεψᾶσθωσαν
1172 718 1240 819 τὴν
1277 724 1515 820 παμποίκιλον

472 864 545 936 τῶν
569 855 668 959 ζώων
691 853 977 954 πολιπλήθειαν,
994 854 1042 934 τὰ
1067 861 1233 959 χερσαῖα,
1251 854 1300 935 τὰ
1325 858 1458 957 πτηνὰ,
1474 854 1514 934 τί

473 992 610 1093 ἔνυδρα,
622 991 681 1069 καὶ
691 989 1022 1089 κατανοησιίτωσαν
1035 993 1082 1073 ὡς
1093 988 1234 1090 ἀληθὴς
1250 993 1308 1070 ἐπὶ
1320 997 1368 1096 τῇ
1379 991 1514 1072 πάντων

473 1127 589 1230 κρίσει
609 1127 680 1224 (for.
691 1126 806 1204 κτίσει
824 1132 970 1233 Vigeras.)
983 1125 1129 1226 γέγονεν
1146 1125 1169 1224 ἡ
1187 1127 1370 1227 μαρτυρία
1387 1135 1450 1204 τοῦ
1465 1128 1534 1212 ies

474 1259 625 1356 σπότου,
644 1264 702 1339 καὶ
718 1258 838 1340 πάντα
856 1258 948 1339 κατὰ
964 1257 1031 1358 τὴν
1044 1259 1152 1337 αὐτοῦ
1165 1257 1376 1365 πρόσταξιν
1389 1259 1514 1365 πίφῃνε

473 1392 580 1473 καλά.
641 1410 756 1468 amnt
769 1410 831 1469 aa
844 1411 875 1467 n
889 1429 1011 1489 appa.
1025 1409 1180 1488 postremis
1194 1408 1263 1466 nna
1277 1409 1512 1488 pannomiam

472 1529 570 1598 parnt.
587 1521 769 1601 Evangelicoe
782 1523 905 1582 Eusebii
918 1544 984 1604 pag.
1001 1542 1069 1600 77²·
1085 1535 1117 1583 et
1130 1544 1193 1602 sqq.
1206 1524 1279 1584 edit.
1296 1526 1466 1603 Vigerianoe.

473 1712 583 1759 tantam
612 1701 693 1759 illam
717 1722 751 1760 ao
774 1713 833 1759 tam
863 1702 971 1762 variam
1022 1704 1054 1761 in
1068 1704 1199 1761 omnium
1219 1703 1422 1781 procreatione
1439 1702 1507 1759 teati-

473 1782 663 1839 animantium
673 1780 893 1841 multitudinem
902 1804 971 1841 eon·
1021 1783 1152 1840 monium
1178 1782 1281 1847 fuerit,
1305 1783 1346 1840 Et
1369 1785 1540 1839 omniun-10

473 1860 660 1939 templentur‚
682 1871 873 1929 terrenarum,
892 1861 969 1920 vola·
1022 1862 1144 1920 cundum
1161 1865 1226 1939 ejus
1244 1863 1408 1921 mondoum
1424 1861 1505 1919 alile-

474 1940 579 2007 tilium,
597 1941 779 2018 aquatilium,
800 1962 833 2000 ac
854 1942 971 2000 demum
1022 1951 1089 2000 runt
1103 1944 1186 2001 bona.

473 2019 648 2098 intelligant,
673 2041 759 2098 quam
791 2042 891 2080 verum
916 2022 971 2080 hoc

853 2219 1130 2261 „...,..-

582 2397 655 2468 EX
683 2398 854 2471 LIBRIS
880 2399 1066 2472 IISDEM
1091 2399 1160 2471 DE
1188 2401 1414 2473 NATURA.

996 2580 1023 2645 l.

530 2716 614 2818 Οὐχ
633 2718 760 2800 ἁπλῶς
778 2724 851 2796 τῶν
867 2719 1050 2818 μεγίστων
1062 2725 1126 2795 τοῦ
1140 2716 1293 2815 κόσμου,
1306 2720 1363 2795 καὶ
1375 2720 1439 2793 τῶν
1450 2710 1509 2789 in'1
1513 2746 1523 2805 5

474 2855 527 2948 (an
547 2851 678 2956 ὑπέρῖ)
700 2849 818 2946 αὐτὸν,
833 2855 890 2929 καὶ
912 2859 976 2929 τοῦ
1001 2854 1152 2952 ἀριθμοῦ
1171 2858 1236 2928 τοῦ
1254 2856 1389 2933 niniven·
1417 2842 1494 2924 oilli

471 2985 617 3066 πάντων
648 2990 706 3065 καὶ
731 2993 803 3065 τῶν
828 2986 1032 3089 ἐλαχίστων
1055 2987 1198 3087 ἄπειρος
1228 2985 1416 3066 ἀτέλεστος
1440 2986 1494 3058 τῶν

473 3126 546 3223 (for.
566 3119 760 3204 ἀτέλεστόν
778 3131 831 3227 τε)
853 3124 890 3200 ἐν
908 3120 1108 3222 ἀνθρώποις
1127 3122 1149 3220 ἦ
1168 3127 1317 3221 γνῶσις.
1374 3136 1455 3192 Extat
1472 3130 1494 3186 in

474 3259 573 3317 Sacris
589 3257 754 3322 Parnllelis,
765 3278 830 3334 pag.
840 3274 855 3331 7
859 3270 907 3335 5²·
923 3267 994 3315 tom.
1005 3257 1037 3314 ii.
1049 3256 1119 3314 edit.
1129 3257 1274 3333 Laquien.
1285 3257 1343 3335 Op.
1355 3257 1385 3314 S.
1396 3252 1495 3313 loannis

474 3364 655 3421 Damasceni.
1503 3375 1525 3413 ιο

513 3516 584 3572 Νοιι
605 3514 692 3571 modo
713 3514 900 3571 maximarum
924 3535 969 3573 re·
1021 3519 1068 3569 τοῦ
1076 3516 1167 3570 αἰῶνος
1174 3535 1182 3581 ;
1195 3513 1246 3571 sed
1257 3525 1288 3571 et
1300 3517 1423 3572 omnium
1434 3528 1496 3590 pror·

473 3617 536 3652 rum
557 3596 644 3660 orbis,
654 3607 684 3652 et
695 3614 794 3652 earum
806 3614 870 3670 quae
884 3614 972 3673 supra
1022 3594 1162 3652 susetiam
1172 3594 1358 3652 minimarum
1370 3597 1496 3671 ignaraeat

474 3676 567 3752 ipsum
584 3687 662 3740 sunt,
673 3676 744 3751 quin
756 3676 842 3733 etiam
858 3674 972 3732 numeri
1022 3684 1110 3750 atque
1124 3673 1206 3731 rudis
1220 3674 1347 3732 humana
1360 3672 1479 3752 cognitio.

972 3879 1021 3941 ll.

527 4013 791 4116 Ἐργαστήριον
824 4013 1023 4117 ἀνθρώποις
1060 4017 1118 4092 καὶ
1151 4011 1313 4114 θεοίτρον,
1346 4016 1494 4091 διδασκα-

471 4154 568 4224 λεῖον
587 4153 644 4226 καὶ
670 4147 871 4248 γυμνάσιον
891 4150 911 4226 ὁ
930 4145 1068 4245 κοσμὸς
1092 4147 1256 4248 ἠνίωγεν,
1279 4149 1319 4226 ἶν’
1341 4145 1440 4224 αὑτὸν
1453 4140 1523 4219 nolu

513 4357 676 4414 Officinann
694 4358 869 4425 hominibus,
895 4378 927 4415 ac
950 4358 1109 4424 theatrum,
1135 4357 1261 4416 scholam
1286 4370 1316 4417 et
1339 4352 1491 4437 gymnasium
