4092 5150
475 395 519 462 68
808 398 1187 466 ANNOTATIONES

519 570 557 634 P.
570 589 622 655 39.
644 571 664 635 l.
685 590 731 634 ιο.
757 579 832 653 μετὰ
846 581 905 638 τῶν
930 575 1034 637 ἄλλον
1060 569 1263 658 καθηκόντων]
1290 570 1443 636 Baisamo
1456 572 1519 645 oin

471 672 593 755 Ἠγονν
609 678 761 753 μετὰτῶν
782 679 974 758 ὁφειλουσῶν
994 677 1132 757 γίνεσθαι
1152 675 1291 739 εὐποιῖῷν
1305 675 1375 756 περὶ
1395 676 1520 752 τούτους,

475 775 614 853 νηστείας
628 779 775 854 δηλονότι,
791 779 995 857 ἑλεημσσιίνης
1015 776 1063 840 καὶ
1083 777 1250 856 μετανοίας.
1296 775 1444 839 Zonaras
1456 774 1521 838 brec

475 878 586 940 eadem
600 878 648 942 ait
662 878 807 944 iacienda
825 902 895 944 esse
917 881 959 944 ab
978 879 1056 965 ipsis
1070 878 1178 964 lapsis,
1193 899 1256 942 non
1271 877 1321 942 nb
1341 877 1414 942 aliis
1428 899 1522 942 οαιιςε

475 979 620 1044 videlicet
635 980 805 1065 lapsorum.
837 984 900 1048 Sed
916 985 1051 1048 fortasse
1066 991 1174 1047 cetera
1188 981 1342 1046 beneficia
1352 982 1521 1067 conjuncta

474 1103 546 1146 cum
560 1083 699 1167 ipsorum
715 1085 977 1161 reconciliatione,
990 1107 1061 1170 quae
1076 1106 1133 1170 por
1147 1083 1310 1148 Christum
1330 1083 1445 1148 effectu
1463 1090 1519 1158 ost,

473 1187 525 1251 hic
539 1187 764 1272 significantur.

867 1359 1018 1423 CANON
1043 1358 1125 1421 XII.

521 1495 557 1557 P.
570 1517 622 1571 40.
643 1493 664 1556 l.
687 1515 712 1558 1.
738 1496 797 1557 ἀπὸ
822 1494 919 1574 πάσης
942 1495 1054 1580 κακίας]
1080 1495 1132 1558 Sic
1160 1516 1216 1579 pro
1241 1495 1329 1559 edito
1352 1497 1412 1561 ὑπὸ
1437 1523 1468 1562 π.
1492 1523 1518 1560 κ.

475 1598 588 1660 MStue
603 1596 706 1659 Νααίί
720 1619 740 1660 α
755 1595 923 1661 Gallandio
942 1604 1216 1673 commemoratus,
1231 1597 1399 1663 Βοαίαίααί
1415 1620 1517 1676 omna,

474 1700 679 1785 Zonarasquc
699 1709 733 1764 et
758 1699 908 1763 Balsemo
930 1700 961 1763 in
981 1700 1120 1764 Scloiiis.
1168 1700 1228 1764 Ait
1242 1701 1407 1775 Zonaras,
1430 1702 1474 1765 Τὸ
1487 1704 1517 1764 δὲ

474 1803 693 1886 ἀνενοχλήτους
716 1803 858 1884 γίνεσθαι
880 1802 939 1866 ἀπὸ
961 1802 1059 1882 πάσης
1079 1801 1222 1880 κακίας,ἢ
1242 1802 1275 1866 τὸ
1295 1803 1336 1883 μὴ
1356 1806 1517 1888 ὀχληθῆναι

474 1905 516 1969 είς
538 1907 663 1984 ἄρνησιν
686 1910 735 1982 τῆς
756 1905 912 1982 εὐσεβείας
935 1903 1029 1967 ε’στίν·
1053 1905 1127 1985 ἥπερ
1148 1909 1250 1968 πᾶσαν
1272 1906 1378 1969 κακίαν
1402 1908 1478 1988 νικῷ.
1500 1902 1517 1983 ἦ

474 2007 576 2073 κακίας
590 2010 641 2072 τὰς
657 2009 800 2074 κακώσεις
814 2007 954 2085 ὠνόμασε
968 2009 1020 2073 τὰς
1035 2005 1068 2069 ἐκ
1088 2012 1147 2069 τῶν
1165 2005 1330 2070 κολάσεων.
1369 2006 1462 2072 Nunc
1475 2007 1516 2071 iu·

475 2107 565 2171 venio
581 2109 639 2172 ἁπὸ
654 2107 686 2170 in
702 2108 833 2172 Pedalie
848 2116 971 2172 extans.

519 2210 601 2273 ibid.
617 2210 636 2273 l.
651 2232 681 2293 9.
704 2210 770 2291 παρ’
790 2209 912 2277 ε’κείνοις
932 2215 970 2295 τῷ
992 2210 1074 2295 Θεῷ]
1100 2212 1173 2275 MS.
1199 2210 1293 2274 Nonii
1315 2208 1384 2292 παρ’
1401 2209 1517 2275 ἐκείνων

473 2317 513 2397 τῷ
538 2317 620 2396 Θεῷ.
667 2314 746 2376 Mox
768 2317 806 2376 τὰ
827 2316 884 2394 γὰρ
908 2315 1041 2394 ἀργύρια.
1087 2313 1212 2377 Desunt
1237 2321 1346 2378 autem
1371 2313 1448 2378 ibid.
1471 2335 1516 2377 se·

474 2415 605 2499 quentia
620 2417 667 2479 καὶ
679 2415 947 2493 καταπατήσαντες.
984 2415 1027 2479 Et
1045 2415 1150 2499 paullo
1161 2423 1235 2499 post
1246 2417 1321 2494 μετὰ
1332 2420 1513 2495 πλησμονῆς.

473 2517 588 2582 omisso
605 2522 661 2582 καί.
684 2516 897 2582 Gnunnnnrus.
942 2518 1034 2599 Quod
1056 2519 1099 2582 ad
1119 2517 1196 2582 illud
1219 2522 1259 2605 τῷ
1280 2527 1357 2583 ante
1380 2522 1451 2603 Θεῷ
1472 2526 1518 2582 et

474 2621 565 2694 tinet,
581 2621 683 2706 ipsum
704 2644 742 2684 ex
763 2620 909 2685 omnibus
926 2620 1077 2685 codicibus
1097 2622 1170 2685 σανίς
1191 2622 1325 2686 restitui.
1371 2623 1438 2686 Pro
1452 2619 1517 2703 παρ’

474 2722 596 2790 ἐκείνοις
630 2724 750 2788 habent
786 2723 840 2787 alii
875 2723 942 2806 παρ’
971 2723 1110 2790 ε’κείνους.
1166 2723 1237 2809 Ego
1270 2724 1425 2809 putabam
1453 2723 1517 2806 παρ’

474 2825 581 2899 ἐκεῖνο,
598 2826 682 2911 qnod
698 2825 851 2911 reperisse
865 2826 991 2889 videtur
1006 2825 1175 2898 Hervetus,
1192 2824 1302 2910 reponi
1323 2824 1373 2889 hic
1392 2825 1517 2889 debere.

474 2928 576 2992 Extat
591 2928 658 3010 παρ’
675 2928 791 2993 ἐκεῖνον
805 2929 837 2991 in
857 2928 955 2992 codice
974 2927 1166 2991 Rarollmoni
1183 2926 1362 2991 Bedeiron.
1409 2927 1519 2992 Nullus

472 3039 581 3096 autem
605 3033 652 3095 καὶ
675 3031 934 3109 κατανοήσαντες
954 3031 1100 3115 agnoseit
1118 3031 1208 3094 ceder
1222 3029 1418 3107 Bodleicoas,
1436 3030 1519 3116 qnod

473 3141 580 3197 tamen
597 3133 751 3196 invenerit
773 3134 805 3196 in
829 3132 951 3196 Titiano
971 3133 1070 3196 codice
1089 3132 1259 3196 Hervetus.
1305 3132 1416 3216 Neque
1438 3133 1518 3197 huuc

473 3256 530 3297 nec
545 3233 681 3319 reliquos
695 3235 792 3299 habet
807 3256 943 3298 canones
958 3235 1049 3298 roden
1066 3236 1117 3295 86.

518 3337 600 3401 ibid.
615 3337 636 3400 l.
652 3358 700 3423 15.
724 3342 798 3416 μετὰ
817 3346 991 3420 πλησμονῆς
1011 3337 1227 3420 ἆοελυθέντας]
1258 3336 1355 3421 Vulso
1376 3340 1453 3416 μετὰ
1472 3337 1517 3401 καὶ

473 3446 655 3520 πλησμονῆς.
711 3441 774 3504 Sed
803 3463 843 3504 ex
871 3440 1066 3504 anctoritate
1094 3440 1274 3523 scriptorum
1301 3438 1392 3501 Bodl.
1423 3446 1517 3524 atque

474 3543 619 3607 Noniani
648 3543 758 3607 codicis
781 3541 970 3627 porticulum
998 3542 1047 3604 καὶ
1072 3540 1172 3604 omisi.
1230 3542 1269 3603 In
1293 3540 1426 3605 Pedalie
1452 3542 1517 3626 qui·

474 3645 547 3708 dem
566 3645 651 3709 illam
667 3654 778 3709 extare
798 3667 882 3708 nunc
899 3645 998 3709 video.
1049 3644 1165 3706 Verum
1188 3642 1231 3705 ibi
1253 3644 1443 3707 adnotatum
1459 3651 1516 3721 est,

473 3750 506 3810 ἐν
520 3749 627 3814 ἄλλοις
647 3749 681 3811 οὐ
704 3756 805 3812 κεῖται.
852 3749 945 3810 Nunc
961 3768 1034 3809 vero
1051 3745 1126 3809 mihi
1143 3745 1268 3810 videtur
1282 3746 1316 3809 τὸ
1330 3750 1406 3825 μετὰ
1420 3756 1514 3827 πλησ·

472 3853 564 3930 μόνης
578 3852 692 3935 exponi
712 3852 827 3915 debere
841 3871 909 3913 cunt
931 3847 1133 3922 abundantia,
1149 3871 1217 3925 seu,
1235 3850 1365 3914 divitiis.
1415 3850 1518 3915 Vertit

472 3952 589 4016 codicis
601 3953 714 4017 Tiliani
727 3954 882 4037 interpres
893 3974 960 4014 σανα
970 3951 1074 4015 multis
1082 3953 1231 4035 ρσσναίαζς,
1245 3975 1336 4017 voces
1346 3961 1455 4018 temen
1467 3976 1517 4018 ne·

472 4057 591 4120 sciente
607 4057 675 4119 cod.
690 4056 863 4119 Bodleiano
878 4055 946 4139 158.
957 4062 1055 4138 atque
1070 4055 1315 4140 OEcoiampedio
1325 4055 1429 4120 altero
1443 4065 1517 4121 ante

472 4157 587 4222 Graeoa
602 4159 689 4224 edita
703 4160 885 4243 interprete.
920 4158 1078 4243 Exposuit
1094 4159 1220 4242 quidem
1235 4158 1269 4222 τὸ
1286 4159 1390 4223 ἱκανὸν
1402 4159 1518 4224 Petrus

474 4262 567 4326 Alex.
578 4262 608 4324 in
620 4262 712 4325 Actis
721 4260 958 4345 Apostolorum,
970 4270 1124 4345 tanquam
1134 4261 1160 4324 si
1171 4260 1370 4324 obdasonom
1382 4283 1518 4347 suosque

472 4365 650 4429 liberandos
675 4365 801 4428 intrito-m
818 4366 980 4448 pec-uniam
1006 4364 1164 4447 accepisse
1185 4364 1375 4442 dicerentur,
1391 4366 1445 4449 qui
1467 4388 1520 4430 eos
