4092 5150
596 421 640 482 54
930 412 1308 480 ANNOTATIONES

641 588 679 652 P.
691 605 742 675 ιη.
765 585 787 650 l.
807 605 856 672 13.
882 587 1073 671 ἀνηκέστους]
1101 583 1366 665 mitescamus
1390 607 1424 647 τε
1446 576 1639 650 ἀνυπσίστους

598 691 818 770 ὑπσμεμνηκόσι
834 689 882 752 καί
896 687 1063 771 ἀφορήτους
1072 686 1231 771 μάστιγας,
1243 683 1408 770 adjectivis
1419 683 1546 750 duobus
1560 685 1639 750 idam

597 814 727 877 prorsus
750 790 1011 876 signifioantibus.
1055 788 1253 869 Ἀνηκέστσυς
1271 788 1370 874 igitur
1390 807 1450 872 pro
1475 809 1553 853 roos
1576 789 1639 852 ἀνυ-

598 893 739 961 ποίστους
751 893 890 978 reposui,
901 893 985 978 quod
1000 893 1033 956 in
1048 901 1109 957 otto
1118 891 1334 977 manualiptr's
1343 889 1527 955 Bodleian&
1539 911 1640 976 repar·

599 1003 668 1059 tum
682 1001 743 1073 est,
756 996 958 1060 firmantibus
973 996 1101 1060 Zonara
1119 995 1152 1058 in
1172 993 1290 1059 βσλσίόο
1307 994 1350 1058 ad
1369 992 1454 1057 huno
1471 993 1639 1070 Ganonem,

601 1097 820 1182 Matthaeoqus
838 1097 978 1163 Blastari
997 1097 1030 1161 in
1047 1099 1241 1181 nyssenae
1254 1093 1460 1180 Alpdadetieo,
1476 1095 1563 1180 quod
1577 1095 1638 1181 qni·

598 1199 669 1262 dem
693 1199 825 1285 primus,
839 1207 877 1264 ut
897 1205 974 1264 ante
996 1197 1075 1277 dixi,
1090 1197 1190 1263 edidit
1212 1196 1245 1262 in
1263 1197 1413 1281 Synodieo
1433 1218 1492 1261 auo
1511 1196 1639 1261 Besara

598 1301 678 1386 gius.
703 1300 766 1366 Lit.
782 1299 822 1365 α’.
841 1323 909 1386 oap.
921 1301 943 1364 i.
958 1323 1030 1386 pag.
1043 1321 1075 1383 4.
1119 1300 1321 1383 suffragatur
1342 1319 1468 1384 quoque
1488 1299 1565 1364 huie
1584 1298 1638 1364 leo

599 1402 679 1466 tioni
701 1409 793 1467 vetus
816 1424 974 1467 canonum
993 1402 1026 1466 S.
1044 1401 1133 1466 Petri
1154 1398 1380 1485 interpretatio
1400 1398 1523 1465 Joanni
1545 1400 1638 1465 Oeno

599 1503 758 1589 lampadio
781 1504 901 1580 debita,
924 1525 995 1587 quse
1013 1524 1098 1568 anno
1126 1503 1207 1587 1518
1231 1501 1369 1586 primum
1390 1501 1490 1579 edita,
1512 1508 1590 1586 post
1609 1500 1639 1566 in

599 1603 1037 1690 MieroprosdyliooBosilieasi
1045 1604 1308 1670 seuBibliothaoa
1315 1602 1450 1668 Petrum
1460 1603 1636 1689 positasst;

602 1708 737 1770 Patrum
759 1707 843 1771 enim
863 1707 1044 1784 Canoniaoe,
1059 1728 1131 1792 quoe
1146 1706 1359 1783 nominantur,
1379 1705 1534 1791 Epistolae
1558 1706 1639 1771 haud

599 1818 676 1872 aute
690 1808 839 1874 saeoulum
854 1809 1009 1874 decimum
1030 1810 1199 1895 septimum
1215 1808 1329 1873 Graeoe
1349 1808 1546 1893 prodierunt.
1587 1808 1642 1874 Iti-

600 1912 673 1975 dem
697 1911 771 1976 luit
785 1912 938 1996 Origenes
961 1911 993 1974 in
1019 1911 1101 1976 istae
1126 1911 1205 1975 urbe
1235 1909 1443 1986 Alexandria,
1469 1917 1506 1975 ut
1535 1916 1643 1976 narrat

601 2013 808 2098 Epiphanius,
831 2013 978 2080 πολλάκις
998 2016 1171 2094 συρόμενος,
1193 2014 1414 2092 ὀνειδιζόμενος,
1436 2016 1643 2078 ΒΑΣΑΝΟΙΣ

599 2114 882 2179 ἈΝΗΚΕΣΤΟΙΣ
901 2118 1161 2195 ὑποβολλόμενσς.
1186 2115 1304 2179 Hares.
1319 2114 1391 2179 lxiv.
1408 2115 1467 2178 sub
1486 2113 1556 2179 init.
1600 2112 1644 2179 Et

601 2217 726 2281 sistitur
739 2216 762 2280 J
764 2218 805 2282 ob
819 2217 892 2297 μήτε
906 2221 954 2281 διὰ
974 2218 1028 2296 τὴν
1047 2219 1229 2282 ἀνύποιστον
1245 2219 1347 2294 νόσον,
1363 2216 1411 2280 καὶ
1430 2214 1464 2279 τὸ
1480 2216 1644 2295 ἀνήκεστον

601 2321 650 2383 καὶ
664 2321 829 2402 όλοσχερές
847 2320 943 2392 ἕλκος,
961 2319 1073 2393 ἐνδοὺς,
1092 2341 1113 2383 a
1131 2318 1284 2402 Dionysio
1300 2318 1519 2382 Alexandrino
1537 2317 1571 2381 in
1587 2318 1644 2382 Oa·

601 2430 670 2484 ισαα
688 2444 719 2506 p.
735 2424 787 2506 96.
812 2420 888 2487 edit.
909 2420 1010 2485 Junii.
1053 2423 1156 2485 Immo
1182 2443 1268 2496 vero,
1291 2420 1409 2484 addere
1430 2419 1519 2484 aliud
1540 2442 1644 2485 exem·

600 2523 687 2608 plum
699 2532 736 2589 ut
747 2524 850 2603 liceat,
867 2525 899 2589 in
911 2524 1115 2611 Fragmentis
1138 2524 1217 2588 Vite
1228 2524 1261 2588 S.
1272 2522 1436 2609 Panpllll
1449 2523 1493 2587 ab
1505 2523 1645 2591 Eusebio

601 2626 797 2712 oonsoriptoe,
825 2650 896 2711 quae
921 2627 1087 2692 Fabricius
1110 2633 1185 2713 post
1212 2626 1465 2712 Papebroohium
1490 2628 1592 2694 edidit
1614 2627 1645 2692 in

602 2736 689 2793 tomo
705 2730 737 2793 ii.
757 2732 865 2814 Opaso.
882 2731 915 2793 S.
927 2730 1102 2815 Hippolyti,
1116 2736 1183 2794 tres
1198 2752 1289 2793 voees
1309 2729 1379 2794 istae
1395 2731 1646 2799 extant-rds

602 2855 635 2895 τε
649 2831 829 2909 ἀνηκέστους
843 2831 999 2914 μάστιγας,
1017 2834 1065 2895 καὶ
1080 2835 1132 2898 τάς
1145 2834 1349 2912 πολυτρόπους
1360 2836 1408 2894 καὶ
1420 2834 1646 2915 ἐνηλλαγμένας

601 2933 764 3011 βασάνους.
782 2935 810 3015 ξ.
822 2957 851 2997 v.
868 2957 899 3018 p.
913 2953 985 3017 219.
1029 2933 1186 3018 Exposuit
1200 2935 1344 2997 Zonaras
1359 2932 1564 3012 scholiastes3
1578 2938 1647 3003 ἀκος

602 3039 660 3115 γὰρ
685 3036 704 3114 ἡ
728 3037 870 3116 θεραπεία
896 3038 970 3107 ἐστὶ,
996 3038 1045 3100 καὶ
1066 3036 1232 3115 ἀνήκεστον
1250 3035 1284 3098 τὸ
1308 3034 1518 3116 ἀθεράπευτον.
1568 3038 1646 3101 Mox

602 3140 701 3203 δεινὰς
722 3138 863 3218 ἀνάγκας,
887 3140 971 3223 quod
995 3139 1147 3203 exhibent
1170 3137 1281 3201 codices
1304 3136 1345 3200 ad
1366 3159 1463 3201 unum
1483 3138 1648 3203 Bodlaiom'

602 3259 709 3311 οτιυισσ,
725 3239 752 3302 si
767 3240 843 3323 quid
858 3240 890 3303 id
906 3240 1012 3317 refert,
1029 3262 1087 3325 pro
1101 3240 1221 3325 ουίροιο
1237 3238 1369 3320 ἀνάγκας
1391 3243 1489 3306 δεινὰς
1510 3242 1646 3325 reposui.

603 3337 694 3402 Nune
716 3339 842 3404 demum
866 3342 1027 3405 firmatam
1050 3342 1141 3407 video
1167 3341 1360 3406 MSStorum
1386 3342 1554 3407 lectionem
1580 3347 1647 3425 ἀνη-

603 3440 726 3506 κέστους
749 3442 881 3506 Pedolio
907 3445 1102 3520 Graeoorum,
1130 3445 1169 3508 de
1200 3467 1263 3529 quo
1291 3444 1371 3508 libro
1401 3466 1498 3529 supra
1527 3447 1578 3531 egi
1607 3448 1646 3511 ad

603 3542 813 3608 DlONYSII
831 3547 977 3610 ALEX.
994 3546 1165 3631 Ερὶσόοάνυ
1181 3548 1375 3623 Caranicum,
1390 3546 1451 3610 vol.
1463 3547 1506 3610 iii.
1522 3570 1554 3633 p.
1566 3568 1636 3634 234.

647 3645 729 3709 Ibid.
755 3647 842 3710 l.16.
875 3652 923 3711 διὰ
945 3649 999 3726 τὴν
1021 3649 1334 3730 παρακολουθήσοσον
1356 3651 1501 3730 μεγίστην
1523 3650 1647 3735 πτόσιν]

605 3750 742 3832 Propter
751 3771 841 3812 suum
852 3749 991 3834 ipsorum
1002 3751 1308 3836 lapsum,postquam
1318 3752 1419 3817 multa
1428 3752 1649 3819 toleravissent

602 3855 779 3925 tormenta,
798 3852 938 3933 τέταρτον
949 3854 1002 3933 ἤδη
1014 3855 1119 3937 πάσχα
1131 3855 1371 3936 έπικατείληφεν,
1382 3855 1429 3917 ait
1439 3855 1585 3920 Zonaras
1596 3877 1648 3941 op-

603 3949 700 4015 timus
721 3952 884 4039 interpres,
902 3958 1003 4033 έξότου
1018 3958 1188 4019 πεπτώκασι
1203 3957 1256 4033 τὴν
1270 3959 1415 4036 μεγίστην
1432 3942 1555 4021 πτῶσιν.
1601 3960 1648 4021 At

604 4073 678 4114 vero
696 4052 779 4116 huno
795 4075 947 4118 canonem
968 4055 1143 4141 intelligere
1166 4058 1216 4119 vix
1240 4078 1380 4140 possum,
1400 4057 1460 4122 nisi
1480 4060 1578 4123 verba
1597 4060 1648 4138 τὴν

603 4156 915 4237 πορσκολουθήσοσαν
944 4160 1090 4238 μεγίστην
1121 4165 1245 4232 πτῶσιν,
1279 4160 1451 4224 maximum
1483 4183 1646 4227 numerum

603 4252 763 4339 lapsorum
786 4256 823 4320 iis
835 4259 1031 4343 temporibus
1051 4261 1195 4325 extitisse
1216 4260 1404 4342 significent,
1421 4263 1468 4327 ita
1486 4286 1645 4350 magnum,
