4092 5150
486 385 527 457 iv
877 385 1149 462 PRAEFATIO.

485 569 684 642 creverint.
737 569 810 643 Sed
836 592 995 643 manum
1021 571 1068 644 de
1093 572 1235 660 tabula,
1259 594 1308 645 ne
1326 573 1468 668 jurgiis
1490 595 1538 647 ac

483 702 617 776 litibus
629 724 691 776 me
705 702 911 798 implicem3
930 726 1017 778 cum
1028 726 1117 778 vero
1131 705 1307 800 exempla
1318 707 1423 779 mala
1432 707 1537 779 unde

484 836 678 930 ooeperint,
696 835 750 908 ibi
770 858 856 910 raro
879 837 1101 923 consistant,
1122 859 1171 910 ne
1194 837 1355 913 fortasse
1375 839 1536 933 posthac

482 967 666 1041 laetentur
695 974 735 1042 et
761 969 938 1043 exultent
963 969 1132 1043 ecclesiae
1157 974 1299 1043 nostrae
1327 970 1536 1045 adversarii

482 1101 623 1175 veteris
653 1102 864 1197 disciplinae
890 1102 930 1173 in
960 1100 1262 1174 ordinationibus
1289 1101 1407 1174 sacris
1431 1107 1535 1175 recte

481 1233 556 1328 ipsi
578 1240 743 1322 tenaces,
760 1234 844 1307 haec
862 1233 1001 1306 idcirco
1018 1233 1065 1306 de
1081 1253 1124 1306 re
1140 1254 1324 1327 perquam
1337 1235 1445 1328 gravi
1457 1236 1535 1307 ἑκὼν

482 1367 613 1439 ἀέκοντί
624 1397 666 1461 γε
683 1373 771 1459 θυμῷ
785 1365 928 1460 scripsi.
966 1364 1087 1439 Paulo
1103 1371 1190 1460 post
1207 1365 1359 1451 editam,
1372 1387 1458 1459 quae
1477 1389 1534 1439 se-

481 1499 622 1592 quitur,
637 1499 683 1572 de
701 1498 904 1592 Ancyrano
918 1517 1063 1570 canone
1076 1494 1389 1590 disquisitionem,
1403 1497 1534 1591 depre-

480 1628 598 1702 hendi
629 1630 858 1704 sententiam
885 1650 1011 1701 meam
1033 1627 1107 1700 fide
1132 1649 1177 1700 ac
1195 1628 1341 1721 judicio
1362 1628 1533 1703 ecclesiae

481 1757 626 1833 Graecae
652 1759 694 1832 in
723 1781 869 1854 nupero
898 1758 1087 1854 Synodioo
1116 1758 1200 1853 ejus
1229 1759 1373 1853 liquido
1399 1761 1534 1833 confir-

480 1895 637 1964 matam.
685 1891 779 1965 Haec
794 1890 991 1965 hactenus.

520 2023 611 2097 dam
623 2028 755 2098 autem
768 2023 937 2099 collectis
949 2025 1196 2121 ἅναντιῤῥὴτοις
1213 2021 1260 2097 iis
1272 2025 1533 2101 monumentis

480 2152 708 2231 christianes
736 2155 990 2250 antiquitatis
1017 2154 1066 2230 de
1093 2154 1232 2248 quibus
1257 2154 1353 2227 bene
1382 2156 1530 2242 mereri,

479 2308 707 2385 quacunque
733 2310 775 2362 re
798 2311 958 2383 possem,
983 2288 1125 2374 studui,
1145 2309 1241 2383 opus
1264 2287 1530 2382 imperfectum

477 2418 558 2495 fore
577 2426 687 2501 ratus
709 2443 805 2508 sum,
830 2421 932 2517 quod
959 2426 1193 2501 vetustatem
1216 2420 1529 2497 Ante-Nicoenam

477 2573 669 2647 nusquam
687 2554 894 2649 separatim
911 2553 1056 2629 editam
1072 2576 1152 2650 prae
1170 2576 1211 2629 se
1228 2553 1304 2628 fert
1320 2554 1362 2628 in
1378 2561 1528 2630 arctum

478 2684 663 2781 colligere,
681 2687 756 2760 nisi
777 2687 810 2761 si
831 2688 909 2761 alia
929 2686 1108 2782 quaedam
1130 2688 1273 2782 scripta
1292 2688 1342 2760 ad
1363 2689 1529 2786 antiqui-

475 2823 597 2891 tatem
628 2819 850 2892 canonicam
879 2819 1111 2913 pertinentia
1144 2819 1404 2915 superioribus
1434 2820 1529 2914 adji-

476 2957 663 3025 cerentur.
715 2952 883 3046 Hujusce
917 2951 1147 3046 appendicis
1180 2974 1271 3046 pars
1309 2952 1412 3046 prior
1451 2953 1530 3026 tria

475 3087 583 3157 tenet
618 3084 787 3157 Concilio
825 3090 915 3158 ante
955 3082 1153 3178 Synodum
1190 3084 1387 3157 Nicaenam
1424 3084 1528 3179 apud

475 3214 738 3289 Occidentales
756 3216 966 3307 celebrata;
991 3239 1175 3310 germana
1191 3218 1260 3290 illa
1276 3217 1441 3311 quidem,
1460 3216 1527 3290 sed

475 3370 639 3443 quorum
666 3369 840 3435 canones,
861 3349 927 3443 qui
951 3355 1167 3444 supersunt,
1189 3351 1229 3422 in
1251 3350 1403 3423 nullum
1427 3349 1527 3421 codi-

474 3502 557 3555 cem
587 3483 750 3576 publicae
779 3483 1020 3558 auctoritatis
1043 3483 1156 3557 relati
1179 3490 1281 3558 sunt.
1332 3484 1378 3555 In
1404 3483 1528 3555 altera

474 3636 564 3687 vero
593 3621 703 3709 parte
731 3615 929 3701 sistuntur,
957 3616 1106 3689 ratione
1132 3615 1273 3689 ibidem
1301 3614 1458 3699 reddita,
1488 3613 1524 3687 S.

473 3746 665 3840 Pamphili
698 3768 767 3842 pro
800 3746 962 3842 Origene
998 3746 1192 3842 Apologia,
1223 3754 1263 3820 et
1297 3746 1333 3820 S.
1352 3745 1525 3839 Dionysii

474 3880 724 3955 Alexandrini
737 3904 777 3955 re
795 3890 835 3955 et
851 3881 1004 3955 nomine
1017 3881 1147 3976 Magni
1160 3880 1306 3974 aliquot
1323 3880 1523 3973 Excerpta.

474 4013 569 4100 Quae
587 4020 718 4087 autem
735 4014 784 4086 ad
809 4015 892 4087 haec
913 4014 1057 4108 scripta
1075 4012 1315 4087 emendanda
1334 4011 1459 4095 attuli,
1478 4032 1525 4083 ea

473 4148 611 4233 omnia,
628 4146 772 4226 notulis
789 4147 885 4219 meis
902 4147 942 4218 in
964 4146 1190 4242 Dionysium
1214 4146 1393 4240 exceptis,
1413 4145 1524 4217 semi·

471 4281 623 4356 circulis
639 4281 788 4354 inclusa
804 4279 852 4353 ad
871 4279 989 4353 imam
1006 4278 1186 4373 paginam
1204 4276 1395 4350 collocavi.
1448 4275 1522 4349 Sed

473 4413 684 4487 Concilium
711 4414 900 4499 Certense,
926 4418 1061 4505 utpote
1086 4411 1187 4507 quod
1211 4417 1421 4484 conventus
1447 4410 1523 4483 fuit
