4092 5150
471 429 536 491 280
720 423 995 489 CONCILIUM
1020 418 1282 486 ROMANUM.

963 802 1031 867 111.

642 996 710 1068 DE
737 994 884 1068 Acris
910 993 1080 1066 HUJUS
1105 991 1354 1074 CONCILH,

590 1196 782 1266 ALIISQUE
804 1195 935 1253 REBUS
957 1196 1043 1253 HUC
1066 1191 1403 1260 PERTINENTIBUS,

476 1380 508 1443 S.
521 1379 661 1464 Optatus
676 1379 722 1442 De
738 1378 903 1441 Sotionem
917 1378 1163 1453 Donati-emnem,
1178 1376 1231 1442 lib.
1244 1376 1266 1440 i.
1281 1396 1375 1461 capp.
1388 1391 1531 1454 22-27.

807 1511 837 1573 p.
854 1490 992 1555 22-26.
1009 1489 1059 1552 ed.
1076 1488 1192 1574 Dupin.

519 1625 661 1689 Nosuuss
692 1624 821 1689 chortes
851 1624 989 1708 probent
1023 1631 1057 1688 et
1087 1622 1251 1687 conflictus
1283 1643 1465 1698 causarum,
1497 1628 1531 1685 et

474 1736 693 1801 contentiones
722 1735 873 1820 portium,
900 1744 933 1801 et
963 1735 1068 1800 exitus
1092 1733 1294 1819 judiciorum,
1320 1741 1353 1798 et
1383 1730 1531 1818 epistolae

476 1846 690 1912 Constantini.
737 1845 821 1909 Nam
836 1846 920 1929 quod
936 1847 976 1910 de
996 1846 1087 1910 nobis
1107 1844 1223 1922 dicitis,
1237 1844 1314 1930 quid
1335 1843 1530 1909 Christianis

475 1980 547 2022 oum
568 1956 717 2041 regibus!
746 1963 803 2020 aut
826 1956 901 2041 quid
922 1955 1079 2042 episcopis
1101 1977 1173 2021 oum
1195 1954 1339 2042 pulntio!
1368 1954 1404 2020 si
1425 1953 1532 2024 bnote

476 2073 526 2131 est
540 2087 633 2129 nosse
648 2085 749 2149 reges,
765 2086 820 2127 vos
841 2071 914 2129 totu
932 2065 1095 2150 perfundit
1115 2063 1243 2130 invidie.
1288 2062 1373 2130 Nem
1390 2064 1531 2149 majores

476 2174 582 2251 vestri,
608 2173 776 2249 Lucienus,
800 2172 935 2259 Dignus,
958 2172 1125 2250 Nummius,
1146 2173 1273 2259 Capito,
1296 2171 1480 2250 Fidentine,
1497 2181 1530 2238 et

476 2284 584 2349 caeteri
619 2284 843 2367 imperatorem
869 2283 1124 2361 Constantinum
1152 2285 1265 2349 herum
1290 2305 1398 2347 rerum
1422 2284 1530 2349 adhuc

476 2396 632 2481 ignorum,
648 2395 698 2458 his
720 2395 865 2478 precibus
886 2403 1097 2479 rogaverunt:
1122 2416 1256 2481 querum
1276 2394 1458 2479 exemplum
1481 2395 1528 2458 in·

476 2506 526 2572 fre.
547 2504 700 2589 scriptum
720 2514 787 2567 est:
810 2512 832 2543 “
844 2504 1007 2590 Rogamus
1028 2514 1075 2583 te,
1096 2504 1306 2570 Constantine
1327 2506 1449 2591 optime
1471 2507 1530 2571 im·

478 2625 496 2653 ‘⁴
511 2625 649 2701 perator,
673 2617 822 2701 quonism
843 2618 884 2682 de
905 2639 1021 2702 genere
1039 2617 1130 2702 justo
1152 2640 1195 2695 es,
1216 2619 1306 2703 cujus
1328 2626 1421 2702 peter
1443 2619 1532 2685 inter

478 2736 497 2762 “
513 2735 646 2792 caeteros
667 2726 874 2810 imperatores
894 2727 1144 2810 persecutionem
1165 2748 1227 2790 non
1253 2727 1407 2804 exercuit,
1428 2736 1463 2792 et
1486 2729 1528 2793 ab

477 2845 497 2873 “
512 2837 572 2901 hoc
594 2837 733 2900 facinore
758 2835 905 2899 immunis
926 2844 976 2899 est
999 2835 1121 2911 Gallim
1152 2858 1226 2900 uem
1252 2837 1284 2900 in
1307 2836 1421 2901 Africa
1444 2838 1530 2903 inter

479 2957 498 2986 ‘⁶
515 2970 573 3011 nos
587 2956 621 3011 et
641 2955 774 3011 oaeteros
793 2946 957 3031 episcopos
975 2947 1195 3012 contentiones
1209 2956 1284 3012 sunt
1292 2971 1302 3024 ;
1325 2947 1477 3032 petimus,
1493 2959 1530 3016 ut

477 3066 497 3094 “
514 3059 553 3121 de
569 3057 674 3121 Gallie
688 3056 779 3119 nobis
790 3056 913 3139 judiees
928 3056 997 3119 dari
1013 3058 1178 3142 praeoipict
1199 3059 1302 3142 pietes
1317 3067 1384 3124 tue.
1430 3061 1528 3126 Datae

479 3176 498 3205 “
514 3189 535 3231 e
552 3167 703 3245 Lucieno,
727 3167 846 3251 Digno‚
870 3165 1017 3242 Nesutio‚
1039 3167 1205 3252 Capitone,
1227 3169 1388 3247 Fidentio,
1412 3179 1447 3236 et
1469 3194 1529 3237 cae-

478 3288 498 3316 “
513 3279 592 3344 teris
606 3278 761 3363 episcopis
776 3279 878 3363 partis
895 3279 1046 3343 Donati.''

520 3388 643 3470 Quibus
664 3389 762 3465 lectis,
784 3388 1013 3453 Constantinus
1032 3388 1124 3472 pleno
1143 3388 1239 3452 livore
1262 3389 1436 3474 respondit.
1486 3392 1527 3455 In

477 3522 541 3584 que
560 3498 762 3584 responsione
777 3505 811 3562 et
830 3520 937 3562 eorum
960 3520 1070 3583 preces
1090 3499 1241 3585 prodidit,
1257 3500 1333 3562 dum
1352 3500 1418 3566 eit:
1445 3510 1465 3537 “
1476 3523 1529 3587 pe-

477 3620 498 3648 “
514 3611 583 3674 titis
597 3633 618 3673 a
632 3631 682 3674 me
697 3611 729 3674 in
745 3611 859 3674 saeculo
871 3610 1036 3693 judicium,
1052 3633 1123 3675 cum
1139 3633 1198 3697 ego
1217 3611 1284 3696 ipse
1299 3611 1419 3676 Christi
1436 3613 1524 3697 judi·

476 3725 497 3753 ‘⁴
513 3716 595 3780 cium
610 3717 804 3800 expectem.”
848 3717 893 3781 Et
907 3724 1016 3782 tumen
1031 3718 1100 3782 dati
1116 3727 1189 3782 sunt
1202 3718 1337 3802 judices,
1354 3719 1525 3785 Maternus

476 3849 517 3889 ex
539 3825 718 3910 Agrippino
747 3826 885 3905 civitate,
902 3827 1044 3893 Reticius
1066 3828 1107 3892 eb
1131 3828 1365 3913 Augustoduno
1383 3829 1523 3910 civitate,

478 3936 625 4000 Marinus
646 3936 854 4000 Arelatensis.
900 3939 954 4001 Ad
974 3938 1085 4002 urbem
1105 3938 1240 4002 Romam
1260 3946 1391 4003 ventum
1411 3948 1463 4005 est
1484 3940 1526 4006 eb

476 4045 526 4110 his
541 4045 643 4110 tribus
659 4047 769 4123 Gallis,
785 4055 818 4112 et
833 4047 874 4111 ab
889 4047 959 4112 aliis
974 4049 1151 4133 quindecim
1167 4048 1267 4113 Itclis.
1302 4048 1526 4115 Convenerunt

477 4156 508 4217 in
531 4155 659 4219 domurn
682 4155 813 4222 Faustae
836 4156 868 4219 in
893 4156 1061 4233 Laterano,
1088 4157 1298 4223 Constantino
1325 4167 1466 4244 cquater
1492 4166 1523 4224 et

509 4371 574 4433 b(sc.
588 4382 645 4420 notu
658 4374 837 4437 turpitudinis)
987 4374 1145 4436 c(Emendat
1158 4375 1288 4438 Dupiuius,
1301 4387 1325 4424 et
1336 4378 1416 4438 posuit
1428 4379 1524 4426 tertium

476 4455 505 4500 ri.
519 4455 627 4504 Morcelli
640 4457 664 4503 in
677 4458 766 4517 Asi-scu
778 4474 821 4504 sua
835 4460 974 4505 Christiano
987 4457 1032 4505 vol.
1042 4459 1066 4504 ii.
1081 4475 1101 4519 p.
1113 4458 1179 4520 209.)
