<?xml version="1.0" encoding="UTF-8"?>
<!DOCTYPE html PUBLIC "-//W3C//DTD XHTML 1.0 Transitional//EN"
    "http://www.w3.org/TR/xhtml1/DTD/xhtml1-transitional.dtd">
<html xmlns="http://www.w3.org/1999/xhtml" xml:lang="en" lang="en">
 <head>
  <title>
</title>
<meta http-equiv="Content-Type" content="text/html;charset=utf-8" />
  <meta name='ocr-system' content='tesseract 3.04.00' />
  <meta name='ocr-capabilities' content='ocr_page ocr_carea ocr_par ocr_line ocrx_word'/>
</head>
<body>
  <div class='ocr_page' id='page_1' title='image "./reliquiaesacrae03routgoog_0061.png"; bbox 0 0 4092 5150; ppageno 0'>
   <div class='ocr_carea' id='block_1_1' title="bbox 745 429 1482 494">
    <p class='ocr_par' dir='ltr' id='par_1_1' title="bbox 745 429 1482 494">
     <span class='ocr_line' id='line_1_1' title="bbox 745 429 1482 494; baseline 0.001 -2"><span class='ocrx_word' id='word_1_1' title='bbox 745 430 778 492; x_wconf 86' lang='lat' dir='ltr'>S.</span> <span class='ocrx_word' id='word_1_2' title='bbox 802 429 995 494; x_wconf 82' lang='lat' dir='ltr'><strong>PETRUS</strong></span> <span class='ocrx_word' id='word_1_3' title='bbox 1021 429 1167 493; x_wconf 87' lang='lat' dir='ltr'><strong>ALEX.</strong></span> <span class='ocrx_word' id='word_1_4' title='bbox 1440 432 1482 493; x_wconf 72' lang='lat'>45</span> 
     </span>
    </p>
   </div>
   <div class='ocr_carea' id='block_1_2' title="bbox 399 599 1483 1241">
    <p class='ocr_par' dir='ltr' id='par_1_2' title="bbox 399 599 1483 1241">
     <span class='ocr_line' id='line_1_2' title="bbox 426 599 1483 704; baseline 0.004 -26"><span class='ocrx_word' id='word_1_5' title='bbox 426 599 652 704; x_wconf 80' lang='grc' dir='ltr'>ταχθήσεται</span> <span class='ocrx_word' id='word_1_6' title='bbox 671 599 709 679; x_wconf 78' lang='grc' dir='ltr'>δὲ</span> <span class='ocrx_word' id='word_1_7' title='bbox 729 603 767 680; x_wconf 85' lang='grc' dir='ltr'>ἐν</span> <span class='ocrx_word' id='word_1_8' title='bbox 784 609 858 686; x_wconf 76' lang='grc' dir='ltr'>τοῖς</span> <span class='ocrx_word' id='word_1_9' title='bbox 877 604 1116 702; x_wconf 76' lang='grc' dir='ltr'>ὁμολογηταΐς</span> <span class='ocrx_word' id='word_1_10' title='bbox 1134 605 1194 682; x_wconf 79' lang='grc' dir='ltr'>καὶ</span> <span class='ocrx_word' id='word_1_11' title='bbox 1212 609 1283 686; x_wconf 74' lang='grc' dir='ltr'>πᾶς</span> <span class='ocrx_word' id='word_1_12' title='bbox 1300 602 1401 687; x_wconf 74' lang='grc' dir='ltr'>ὅστις</span> <span class='ocrx_word' id='word_1_13' title='bbox 1420 603 1483 682; x_wconf 77' lang='grc' dir='ltr'>οὖν</span> 
     </span>
     <span class='ocr_line' id='line_1_3' title="bbox 427 731 1482 836; baseline 0.009 -22"><span class='ocrx_word' id='word_1_14' title='bbox 427 735 518 814; x_wconf 81' lang='grc' dir='ltr'>κατὰ</span> <span class='ocrx_word' id='word_1_15' title='bbox 550 731 733 834; x_wconf 88' lang='grc' dir='ltr'>Τιμόθεον</span> <span class='ocrx_word' id='word_1_16' title='bbox 765 737 1000 835; x_wconf 81' lang='grc' dir='ltr'>πολιτεύεται,</span> <span class='ocrx_word' id='word_1_17' title='bbox 1036 734 1244 836; x_wconf 78' lang='grc' dir='ltr'>πειθόμενος·</span> <span class='ocrx_word' id='word_1_18' title='bbox 1280 741 1339 817; x_wconf 83' lang='grc' dir='ltr'>καὶ</span> <span class='ocrx_word' id='word_1_19' title='bbox 1376 738 1482 823; x_wconf 73' lang='grc' dir='ltr'>αὐτὸς</span> 
     </span>
     <span class='ocr_line' id='line_1_4' title="bbox 429 870 1482 977; baseline 0.003 -29"><span class='ocrx_word' id='word_1_20' title='bbox 429 872 542 976; x_wconf 71' lang='grc' dir='ltr'>(αὐτῷ</span> <span class='ocrx_word' id='word_1_21' title='bbox 553 886 618 944; x_wconf 84' lang='lat' dir='ltr'><strong>cod.</strong></span> <span class='ocrx_word' id='word_1_22' title='bbox 638 885 725 970; x_wconf 83' lang='lat' dir='ltr'><strong>Tilii)</strong></span> <span class='ocrx_word' id='word_1_23' title='bbox 738 877 789 977; x_wconf 73' lang='grc' dir='ltr'>τῷ</span> <span class='ocrx_word' id='word_1_24' title='bbox 802 871 955 972; x_wconf 75' lang='grc' dir='ltr'>λέγοντι,</span> <span class='ocrx_word' id='word_1_25' title='bbox 969 874 1117 951; x_wconf 65' lang='lat' dir='ltr'>”Aiunt</span> <span class='ocrx_word' id='word_1_26' title='bbox 1132 870 1370 972; x_wconf 81' lang='grc' dir='ltr'>δικαιοσύνην,</span> <span class='ocrx_word' id='word_1_27' title='bbox 1381 873 1482 951; x_wconf 76' lang='grc' dir='ltr'>εὐσέ-</span> 
     </span>
     <span class='ocr_line' id='line_1_5' title="bbox 425 1003 1476 1107; baseline 0.003 -26"><span class='ocrx_word' id='word_1_28' title='bbox 425 1011 540 1099; x_wconf 84' lang='grc' dir='ltr'>βειαν,</span> <span class='ocrx_word' id='word_1_29' title='bbox 561 1007 698 1102; x_wconf 85' lang='grc' dir='ltr'>πίστιν,</span> <span class='ocrx_word' id='word_1_30' title='bbox 716 1003 870 1107; x_wconf 73' lang='grc' dir='ltr'>ἀγάπην,</span> <span class='ocrx_word' id='word_1_31' title='bbox 890 1003 1084 1105; x_wconf 74' lang='grc' dir='ltr'>ὑπομονὴν,</span> <span class='ocrx_word' id='word_1_32' title='bbox 1101 1006 1359 1107; x_wconf 84' lang='grc' dir='ltr'>πραϋπαθείαν,</span> <span class='ocrx_word' id='word_1_33' title='bbox 1379 1007 1476 1106; x_wconf 81' lang='grc' dir='ltr'>ἀγω-</span> 
     </span>
     <span class='ocr_line' id='line_1_6' title="bbox 399 1138 1482 1241; baseline 0.006 -24"><span class='ocrx_word' id='word_1_34' title='bbox 399 1139 522 1241; x_wconf 80' lang='grc' dir='ltr'>5νίζου</span> <span class='ocrx_word' id='word_1_35' title='bbox 550 1139 615 1218; x_wconf 80' lang='grc' dir='ltr'>τὸν</span> <span class='ocrx_word' id='word_1_36' title='bbox 642 1138 755 1218; x_wconf 82' lang='grc' dir='ltr'>καλὸν</span> <span class='ocrx_word' id='word_1_37' title='bbox 783 1141 907 1240; x_wconf 84' lang='grc' dir='ltr'>ἀγῶνα</span> <span class='ocrx_word' id='word_1_38' title='bbox 934 1142 997 1237; x_wconf 75' lang='grc' dir='ltr'>τῆς</span> <span class='ocrx_word' id='word_1_39' title='bbox 1025 1139 1190 1235; x_wconf 78' lang='grc' dir='ltr'>πίστεως,</span> <span class='ocrx_word' id='word_1_40' title='bbox 1218 1142 1395 1233; x_wconf 84' lang='grc' dir='ltr'>ἐπιλαβοῦ</span> <span class='ocrx_word' id='word_1_41' title='bbox 1418 1142 1482 1237; x_wconf 74' lang='grc' dir='ltr'>τῆς</span> 
     </span>
    </p>
   </div>
   <div class='ocr_carea' id='block_1_3' title="bbox 426 1272 1481 1378">
    <p class='ocr_par' dir='ltr' id='par_1_3' title="bbox 426 1272 1481 1378">
     <span class='ocr_line' id='line_1_7' title="bbox 426 1272 1481 1378; baseline 0 -25"><span class='ocrx_word' id='word_1_42' title='bbox 426 1276 571 1353; x_wconf 81' lang='grc' dir='ltr'>αἰωνίου</span> <span class='ocrx_word' id='word_1_43' title='bbox 594 1276 693 1378; x_wconf 72' lang='grc' dir='ltr'>ζωῆς,</span> <span class='ocrx_word' id='word_1_44' title='bbox 712 1282 759 1358; x_wconf 74' lang='grc' dir='ltr'>εἷς</span> <span class='ocrx_word' id='word_1_45' title='bbox 776 1273 821 1373; x_wconf 81' lang='grc' dir='ltr'>ἦν</span> <span class='ocrx_word' id='word_1_46' title='bbox 839 1273 1003 1374; x_wconf 74' lang='grc' dir='ltr'>ἐκλήθης,</span> <span class='ocrx_word' id='word_1_47' title='bbox 1022 1273 1255 1376; x_wconf 74' lang='grc' dir='ltr'>ὁμολογήσας</span> <span class='ocrx_word' id='word_1_48' title='bbox 1278 1273 1344 1373; x_wconf 79' lang='grc' dir='ltr'>τὴν</span> <span class='ocrx_word' id='word_1_49' title='bbox 1366 1272 1481 1372; x_wconf 73' lang='grc' dir='ltr'>καλὴν</span> 
     </span>
    </p>
   </div>
   <div class='ocr_carea' id='block_1_4' title="bbox 426 1410 1182 1513">
    <p class='ocr_par' dir='ltr' id='par_1_4' title="bbox 426 1410 1182 1513">
     <span class='ocr_line' id='line_1_8' title="bbox 426 1410 1182 1513; baseline 0.001 -25"><span class='ocrx_word' id='word_1_50' title='bbox 426 1413 626 1512; x_wconf 81' lang='grc' dir='ltr'>ὁμολογίαν</span> <span class='ocrx_word' id='word_1_51' title='bbox 645 1410 794 1492; x_wconf 81' lang='grc' dir='ltr'>ε’νάπιον</span> <span class='ocrx_word' id='word_1_52' title='bbox 811 1417 965 1492; x_wconf 83' lang='grc' dir='ltr'>πολλῶν</span> <span class='ocrx_word' id='word_1_53' title='bbox 981 1410 1182 1513; x_wconf 78' lang='grc' dir='ltr'>μαρτύρων.</span> 
     </span>
    </p>
   </div>
   <div class='ocr_carea' id='block_1_5' title="bbox 475 1659 1436 1928">
    <p class='ocr_par' dir='ltr' id='par_1_5' title="bbox 475 1659 1436 1928">
     <span class='ocr_line' id='line_1_9' title="bbox 475 1659 1436 1745; baseline 0 -21"><span class='ocrx_word' id='word_1_54' title='bbox 475 1662 529 1724; x_wconf 75' lang='lat' dir='ltr'>Bc</span> <span class='ocrx_word' id='word_1_55' title='bbox 543 1659 638 1725; x_wconf 78' lang='lat' dir='ltr'>Libro</span> <span class='ocrx_word' id='word_1_56' title='bbox 651 1661 780 1745; x_wconf 68' lang='grc' dir='ltr'>ρἀιιίοιπ</span> <span class='ocrx_word' id='word_1_57' title='bbox 795 1663 828 1726; x_wconf 74' lang='lat' dir='ltr'>S.</span> <span class='ocrx_word' id='word_1_58' title='bbox 840 1661 933 1726; x_wconf 78' lang='lat' dir='ltr'><strong>Patri</strong></span> <span class='ocrx_word' id='word_1_59' title='bbox 948 1662 996 1724; x_wconf 80' lang='lat' dir='ltr'>Do</span> <span class='ocrx_word' id='word_1_60' title='bbox 1010 1660 1163 1724; x_wconf 75' lang='grc' dir='ltr'>ΡαιοΙιαιο</span> <span class='ocrx_word' id='word_1_61' title='bbox 1176 1659 1221 1724; x_wconf 81' lang='lat' dir='ltr'>ad</span> <span class='ocrx_word' id='word_1_62' title='bbox 1237 1660 1436 1725; x_wconf 77' lang='lat' dir='ltr'>Tricoutium.</span> 
     </span>
     <span class='ocr_line' id='line_1_10' title="bbox 822 1851 1099 1928; baseline -0.004 0"><span class='ocrx_word' id='word_1_63' title='bbox 822 1852 1007 1928; x_wconf 88' lang='grc' dir='ltr'>ΚΑΝΩΝ</span> <span class='ocrx_word' id='word_1_64' title='bbox 1038 1851 1099 1927; x_wconf 87' lang='grc' dir='ltr'>ΙΕ.</span> 
     </span>
    </p>
   </div>
   <div class='ocr_carea' id='block_1_6' title="bbox 376 2005 1480 3223">
    <p class='ocr_par' dir='ltr' id='par_1_6' title="bbox 378 2005 1376 2112">
     <span class='ocr_line' id='line_1_11' title="bbox 378 2005 1376 2112; baseline 0.003 -26"><span class='ocrx_word' id='word_1_65' title='bbox 378 2031 415 2068; x_wconf 91' lang='lat'>¹0</span> <span class='ocrx_word' id='word_1_66' title='bbox 530 2014 608 2087; x_wconf 86' lang='grc' dir='ltr'>Τοῦ</span> <span class='ocrx_word' id='word_1_67' title='bbox 627 2010 746 2104; x_wconf 82' lang='grc' dir='ltr'>αὐτοῦ,</span> <span class='ocrx_word' id='word_1_68' title='bbox 765 2011 804 2087; x_wconf 89' lang='grc' dir='ltr'>ε’κ</span> <span class='ocrx_word' id='word_1_69' title='bbox 822 2017 886 2086; x_wconf 82' lang='grc' dir='ltr'>τοῦ</span> <span class='ocrx_word' id='word_1_70' title='bbox 904 2005 1017 2110; x_wconf 85' lang='grc' dir='ltr'>λόγου</span> <span class='ocrx_word' id='word_1_71' title='bbox 1030 2017 1094 2087; x_wconf 83' lang='grc' dir='ltr'>τοῦ</span> <span class='ocrx_word' id='word_1_72' title='bbox 1108 2014 1156 2093; x_wconf 75' lang='grc' dir='ltr'>είς</span> <span class='ocrx_word' id='word_1_73' title='bbox 1169 2005 1211 2086; x_wconf 80' lang='grc' dir='ltr'>τὸ</span> <span class='ocrx_word' id='word_1_74' title='bbox 1227 2007 1376 2112; x_wconf 82' lang='grc' dir='ltr'>Πάσχα.</span> 
     </span>
    </p>

    <p class='ocr_par' dir='ltr' id='par_1_7' title="bbox 422 2155 1480 2680">
     <span class='ocr_line' id='line_1_12' title="bbox 482 2155 1480 2273; baseline 0.002 -27"><span class='ocrx_word' id='word_1_75' title='bbox 482 2170 564 2247; x_wconf 84' lang='grc' dir='ltr'>Οὐκ</span> <span class='ocrx_word' id='word_1_76' title='bbox 589 2168 778 2267; x_wconf 74' lang='grc' dir='ltr'>ἐγκαλέσει</span> <span class='ocrx_word' id='word_1_77' title='bbox 796 2202 850 2252; x_wconf 72' lang='grc' dir='ltr'>τις</span> <span class='ocrx_word' id='word_1_78' title='bbox 873 2169 956 2266; x_wconf 84' lang='grc' dir='ltr'>ἡμῖν</span> <span class='ocrx_word' id='word_1_79' title='bbox 980 2167 1304 2269; x_wconf 75' lang='grc' dir='ltr'>παρατηρουμένοιο</span> <span class='ocrx_word' id='word_1_80' title='bbox 1321 2155 1480 2273; x_wconf 87' lang='grc' dir='ltr'>τετράδα</span> 
     </span>
     <span class='ocr_line' id='line_1_13' title="bbox 422 2302 1479 2409; baseline 0.003 -26"><span class='ocrx_word' id='word_1_81' title='bbox 422 2308 481 2383; x_wconf 85' lang='grc' dir='ltr'>καὶ</span> <span class='ocrx_word' id='word_1_82' title='bbox 499 2302 742 2407; x_wconf 79' lang='grc' dir='ltr'>παρασκευὴν,</span> <span class='ocrx_word' id='word_1_83' title='bbox 757 2306 795 2383; x_wconf 84' lang='grc' dir='ltr'>ε’ν</span> <span class='ocrx_word' id='word_1_84' title='bbox 809 2302 865 2388; x_wconf 72' lang='grc' dir='ltr'>οἷς</span> <span class='ocrx_word' id='word_1_85' title='bbox 879 2308 938 2384; x_wconf 83' lang='grc' dir='ltr'>καὶ</span> <span class='ocrx_word' id='word_1_86' title='bbox 954 2303 1139 2404; x_wconf 82' lang='grc' dir='ltr'>νηστεύειν</span> <span class='ocrx_word' id='word_1_87' title='bbox 1158 2304 1242 2404; x_wconf 83' lang='grc' dir='ltr'>ἡμῖν</span> <span class='ocrx_word' id='word_1_88' title='bbox 1258 2304 1349 2384; x_wconf 81' lang='grc' dir='ltr'>κατὰ</span> <span class='ocrx_word' id='word_1_89' title='bbox 1363 2306 1479 2409; x_wconf 88' lang='grc' dir='ltr'>παρά-</span> 
     </span>
     <span class='ocr_line' id='line_1_14' title="bbox 425 2436 1478 2542; baseline 0.002 -24"><span class='ocrx_word' id='word_1_90' title='bbox 425 2444 534 2518; x_wconf 88' lang='grc' dir='ltr'>δοσιν</span> <span class='ocrx_word' id='word_1_91' title='bbox 551 2437 709 2539; x_wconf 80' lang='grc' dir='ltr'>εὐλόγως</span> <span class='ocrx_word' id='word_1_92' title='bbox 722 2439 999 2542; x_wconf 72' lang='grc' dir='ltr'>προστέτακται·</span> <span class='ocrx_word' id='word_1_93' title='bbox 1029 2436 1095 2537; x_wconf 81' lang='grc' dir='ltr'>τὴν</span> <span class='ocrx_word' id='word_1_94' title='bbox 1107 2438 1172 2538; x_wconf 75' lang='grc' dir='ltr'>μὲν</span> <span class='ocrx_word' id='word_1_95' title='bbox 1187 2436 1349 2542; x_wconf 86' lang='grc' dir='ltr'>τετράδα,</span> <span class='ocrx_word' id='word_1_96' title='bbox 1364 2441 1478 2520; x_wconf 82' lang='grc' dir='ltr'>διὰτὸ</span> 
     </span>
     <span class='ocr_line' id='line_1_15' title="bbox 423 2568 1474 2680; baseline 0.004 -29"><span class='ocrx_word' id='word_1_97' title='bbox 423 2569 616 2673; x_wconf 83' lang='grc' dir='ltr'>γενόμενον</span> <span class='ocrx_word' id='word_1_98' title='bbox 629 2568 856 2670; x_wconf 77' lang='grc' dir='ltr'>συμβούλων</span> <span class='ocrx_word' id='word_1_99' title='bbox 871 2571 939 2652; x_wconf 81' lang='grc' dir='ltr'>ὑπὸ</span> <span class='ocrx_word' id='word_1_100' title='bbox 957 2580 1030 2652; x_wconf 84' lang='grc' dir='ltr'>τῶν</span> <span class='ocrx_word' id='word_1_101' title='bbox 1041 2573 1223 2652; x_wconf 83' lang='grc' dir='ltr'>Ἰουδαίων</span> <span class='ocrx_word' id='word_1_102' title='bbox 1241 2576 1299 2653; x_wconf 82' lang='grc' dir='ltr'>ἐπὶ</span> <span class='ocrx_word' id='word_1_103' title='bbox 1317 2580 1362 2680; x_wconf 75' lang='grc' dir='ltr'>τῇ</span> <span class='ocrx_word' id='word_1_104' title='bbox 1381 2610 1474 2679; x_wconf 89' lang='grc' dir='ltr'>προ·</span> 
     </span>
    </p>

    <p class='ocr_par' dir='ltr' id='par_1_8' title="bbox 376 2707 1475 3223">
     <span class='ocr_line' id='line_1_16' title="bbox 376 2707 1473 2814; baseline 0.005 -29"><span class='ocrx_word' id='word_1_105' title='bbox 376 2746 410 2802; x_wconf 85' lang='lat'>¹5</span> <span class='ocrx_word' id='word_1_106' title='bbox 423 2708 535 2814; x_wconf 81' lang='grc' dir='ltr'>δοσίᾳ</span> <span class='ocrx_word' id='word_1_107' title='bbox 548 2716 613 2787; x_wconf 85' lang='grc' dir='ltr'>τοῦ</span> <span class='ocrx_word' id='word_1_108' title='bbox 634 2709 779 2810; x_wconf 84' lang='grc' dir='ltr'>Κυρίου,</span> <span class='ocrx_word' id='word_1_109' title='bbox 797 2707 863 2808; x_wconf 72' lang='grc' dir='ltr'>τὴν</span> <span class='ocrx_word' id='word_1_110' title='bbox 882 2708 920 2788; x_wconf 76' lang='grc' dir='ltr'>δὲ</span> <span class='ocrx_word' id='word_1_111' title='bbox 936 2707 1180 2810; x_wconf 76' lang='grc' dir='ltr'>παρασκευὴν,</span> <span class='ocrx_word' id='word_1_112' title='bbox 1200 2708 1259 2788; x_wconf 79' lang='grc' dir='ltr'>διὰ</span> <span class='ocrx_word' id='word_1_113' title='bbox 1276 2708 1318 2790; x_wconf 82' lang='grc' dir='ltr'>τὸ</span> <span class='ocrx_word' id='word_1_114' title='bbox 1336 2745 1473 2791; x_wconf 82' lang='grc' dir='ltr'>πεπον-</span> 
     </span>
     <span class='ocr_line' id='line_1_17' title="bbox 423 2843 1472 2951; baseline 0.005 -30"><span class='ocrx_word' id='word_1_115' title='bbox 423 2843 525 2922; x_wconf 82' lang='grc' dir='ltr'>θέναι</span> <span class='ocrx_word' id='word_1_116' title='bbox 549 2844 658 2923; x_wconf 81' lang='grc' dir='ltr'>αὐτὸν</span> <span class='ocrx_word' id='word_1_117' title='bbox 684 2844 770 2946; x_wconf 74' lang='grc' dir='ltr'>ὑπὲρ</span> <span class='ocrx_word' id='word_1_118' title='bbox 795 2846 907 2944; x_wconf 76' lang='grc' dir='ltr'>ἡμῶν.</span> <span class='ocrx_word' id='word_1_119' title='bbox 940 2843 1006 2945; x_wconf 82' lang='grc' dir='ltr'>τὴν</span> <span class='ocrx_word' id='word_1_120' title='bbox 1032 2845 1103 2947; x_wconf 83' lang='grc' dir='ltr'>γὰρ</span> <span class='ocrx_word' id='word_1_121' title='bbox 1132 2844 1315 2948; x_wconf 81' lang='grc' dir='ltr'>Κυριακὴν</span> <span class='ocrx_word' id='word_1_122' title='bbox 1332 2881 1472 2951; x_wconf 88' lang='grc' dir='ltr'>χαρμο-</span> 
     </span>
     <span class='ocr_line' id='line_1_18' title="bbox 423 2979 1475 3085; baseline 0.004 -28"><span class='ocrx_word' id='word_1_123' title='bbox 423 2979 540 3077; x_wconf 71' lang='grc' dir='ltr'>σύνης·</span> <span class='ocrx_word' id='word_1_124' title='bbox 558 2980 691 3081; x_wconf 65' lang='grc' dir='ltr'>ἡμέραν</span> <span class='ocrx_word' id='word_1_125' title='bbox 710 2981 853 3083; x_wconf 83' lang='grc' dir='ltr'>άγομεν,</span> <span class='ocrx_word' id='word_1_126' title='bbox 873 2980 932 3059; x_wconf 82' lang='grc' dir='ltr'>διὰ</span> <span class='ocrx_word' id='word_1_127' title='bbox 948 2981 1012 3060; x_wconf 81' lang='grc' dir='ltr'>τόν</span> <span class='ocrx_word' id='word_1_128' title='bbox 1036 2981 1243 3061; x_wconf 85' lang='grc' dir='ltr'>ἀναστάντα</span> <span class='ocrx_word' id='word_1_129' title='bbox 1261 2984 1300 3060; x_wconf 81' lang='grc' dir='ltr'>ἐν</span> <span class='ocrx_word' id='word_1_130' title='bbox 1318 2983 1419 3085; x_wconf 78' lang='grc' dir='ltr'>αὐτῇ,</span> <span class='ocrx_word' id='word_1_131' title='bbox 1438 2984 1475 3061; x_wconf 84' lang='grc' dir='ltr'>ἐν</span> 
     </span>
     <span class='ocr_line' id='line_1_19' title="bbox 423 3113 1155 3223; baseline 0.004 -30"><span class='ocrx_word' id='word_1_132' title='bbox 423 3113 449 3217; x_wconf 86' lang='grc' dir='ltr'><strong><em>ᾗ</em></strong></span> <span class='ocrx_word' id='word_1_133' title='bbox 470 3114 550 3195; x_wconf 69' lang='grc' dir='ltr'>οὐδὲ</span> <span class='ocrx_word' id='word_1_134' title='bbox 569 3116 705 3217; x_wconf 86' lang='grc' dir='ltr'>γόνατα</span> <span class='ocrx_word' id='word_1_135' title='bbox 718 3116 850 3195; x_wconf 86' lang='grc' dir='ltr'>κλίνειν</span> <span class='ocrx_word' id='word_1_136' title='bbox 868 3115 1155 3223; x_wconf 77' lang='grc' dir='ltr'>παρειλήφαμεν.</span> 
     </span>
    </p>
   </div>
   <div class='ocr_carea' id='block_1_7' title="bbox 358 3277 1476 4401">
    <p class='ocr_par' dir='ltr' id='par_1_9' title="bbox 358 3277 1476 4401">
     <span class='ocr_line' id='line_1_20' title="bbox 423 3277 1476 3355; baseline -0.004 -22"><span class='ocrx_word' id='word_1_137' title='bbox 423 3297 484 3353; x_wconf 88' lang='lat' dir='ltr'>que</span> <span class='ocrx_word' id='word_1_138' title='bbox 529 3277 687 3334; x_wconf 82' lang='lat' dir='ltr'><strong>secundum</strong></span> <span class='ocrx_word' id='word_1_139' title='bbox 737 3277 923 3335; x_wconf 77' lang='lat' dir='ltr'><strong>Timotheum</strong></span> <span class='ocrx_word' id='word_1_140' title='bbox 1018 3278 1087 3335; x_wconf 91' lang='lat' dir='ltr'>Non</span> <span class='ocrx_word' id='word_1_141' title='bbox 1108 3277 1302 3355; x_wconf 82' lang='lat' dir='ltr'>reprehendet</span> <span class='ocrx_word' id='word_1_142' title='bbox 1323 3297 1375 3334; x_wconf 84' lang='lat' dir='ltr'>uus</span> <span class='ocrx_word' id='word_1_143' title='bbox 1396 3278 1476 3353; x_wconf 84' lang='lat' dir='ltr'><strong>quis.</strong></span> 
     </span>
     <span class='ocr_line' id='line_1_21' title="bbox 368 3357 1475 3436; baseline 0.002 -24"><span class='ocrx_word' id='word_1_144' title='bbox 368 3382 412 3419; x_wconf 88' lang='lat'>20</span> <span class='ocrx_word' id='word_1_145' title='bbox 424 3358 517 3413; x_wconf 81' lang='lat' dir='ltr'><strong>vitam</strong></span> <span class='ocrx_word' id='word_1_146' title='bbox 553 3357 692 3423; x_wconf 84' lang='lat' dir='ltr'><strong>instituit,</strong></span> <span class='ocrx_word' id='word_1_147' title='bbox 726 3357 864 3415; x_wconf 77' lang='lat' dir='ltr'><strong>obediens</strong></span> <span class='ocrx_word' id='word_1_148' title='bbox 898 3359 924 3416; x_wconf 84' lang='lat' dir='ltr'>ei</span> <span class='ocrx_word' id='word_1_149' title='bbox 976 3379 1063 3436; x_wconf 91' lang='lat' dir='ltr'><strong>quam</strong></span> <span class='ocrx_word' id='word_1_150' title='bbox 1084 3370 1216 3434; x_wconf 79' lang='lat' dir='ltr'><strong>quartam</strong></span> <span class='ocrx_word' id='word_1_151' title='bbox 1242 3369 1272 3415; x_wconf 88' lang='lat' dir='ltr'>et</span> <span class='ocrx_word' id='word_1_152' title='bbox 1296 3368 1406 3416; x_wconf 83' lang='lat' dir='ltr'><strong>sextam</strong></span> <span class='ocrx_word' id='word_1_153' title='bbox 1432 3358 1475 3415; x_wconf 77' lang='lat' dir='ltr'>fe.</span> 
     </span>
     <span class='ocr_line' id='line_1_22' title="bbox 422 3437 1476 3513; baseline 0.003 -21"><span class='ocrx_word' id='word_1_154' title='bbox 422 3456 543 3513; x_wconf 84' lang='lat' dir='ltr'><strong>quoque</strong></span> <span class='ocrx_word' id='word_1_155' title='bbox 577 3439 626 3513; x_wconf 91' lang='lat' dir='ltr'>qui</span> <span class='ocrx_word' id='word_1_156' title='bbox 667 3437 756 3495; x_wconf 83' lang='lat' dir='ltr'><strong>dicit:</strong></span> <span class='ocrx_word' id='word_1_157' title='bbox 808 3440 926 3497; x_wconf 70' lang='grc' dir='ltr'>δεοίατο</span> <span class='ocrx_word' id='word_1_158' title='bbox 977 3441 1047 3496; x_wconf 87' lang='lat' dir='ltr'><strong>riam</strong></span> <span class='ocrx_word' id='word_1_159' title='bbox 1081 3440 1276 3502; x_wconf 79' lang='lat' dir='ltr'><strong>observantes,</strong></span> <span class='ocrx_word' id='word_1_160' title='bbox 1308 3438 1337 3494; x_wconf 92' lang='lat' dir='ltr'>iu</span> <span class='ocrx_word' id='word_1_161' title='bbox 1370 3438 1476 3513; x_wconf 89' lang='lat' dir='ltr'><strong>quibus</strong></span> 
     </span>
     <span class='ocr_line' id='line_1_23' title="bbox 412 3516 1473 3596; baseline 0.002 -23"><span class='ocrx_word' id='word_1_162' title='bbox 412 3517 578 3596; x_wconf 80' lang='lat' dir='ltr'><strong>justitium,</strong></span> <span class='ocrx_word' id='word_1_163' title='bbox 586 3516 730 3594; x_wconf 79' lang='lat' dir='ltr'><strong>pietatem,</strong></span> <span class='ocrx_word' id='word_1_164' title='bbox 730 3519 834 3594; x_wconf 82' lang='lat' dir='ltr'><strong>fidem,</strong></span> <span class='ocrx_word' id='word_1_165' title='bbox 847 3519 925 3576; x_wconf 81' lang='lat' dir='ltr'><strong>cari·</strong></span> <span class='ocrx_word' id='word_1_166' title='bbox 976 3539 1029 3577; x_wconf 86' lang='lat' dir='ltr'>uos</span> <span class='ocrx_word' id='word_1_167' title='bbox 1047 3520 1182 3594; x_wconf 84' lang='lat' dir='ltr'><strong>jejunare</strong></span> <span class='ocrx_word' id='word_1_168' title='bbox 1203 3518 1361 3577; x_wconf 83' lang='lat' dir='ltr'><strong>secundum</strong></span> <span class='ocrx_word' id='word_1_169' title='bbox 1383 3518 1473 3575; x_wconf 92' lang='lat' dir='ltr'><strong>tradi-</strong></span> 
     </span>
     <span class='ocr_line' id='line_1_24' title="bbox 422 3597 1475 3678; baseline 0.003 -24"><span class='ocrx_word' id='word_1_170' title='bbox 422 3606 522 3666; x_wconf 80' lang='lat' dir='ltr'><strong>tatem,</strong></span> <span class='ocrx_word' id='word_1_171' title='bbox 548 3597 727 3676; x_wconf 75' lang='lat' dir='ltr'><strong>patientiam,</strong></span> <span class='ocrx_word' id='word_1_172' title='bbox 763 3608 925 3656; x_wconf 73' lang='grc' dir='ltr'>πάσαισιν.</span> <span class='ocrx_word' id='word_1_173' title='bbox 975 3601 1084 3657; x_wconf 88' lang='lat' dir='ltr'><strong>tionem</strong></span> <span class='ocrx_word' id='word_1_174' title='bbox 1116 3619 1180 3656; x_wconf 84' lang='lat' dir='ltr'>eum</span> <span class='ocrx_word' id='word_1_175' title='bbox 1210 3600 1322 3657; x_wconf 83' lang='lat' dir='ltr'><strong>ratione</strong></span> <span class='ocrx_word' id='word_1_176' title='bbox 1349 3619 1475 3678; x_wconf 72' lang='lat' dir='ltr'><strong>praecep·</strong></span> 
     </span>
     <span class='ocr_line' id='line_1_25' title="bbox 421 3677 1474 3758; baseline 0.002 -23"><span class='ocrx_word' id='word_1_177' title='bbox 421 3677 539 3736; x_wconf 78' lang='lat' dir='ltr'><strong>dinem:</strong></span> <span class='ocrx_word' id='word_1_178' title='bbox 563 3687 641 3736; x_wconf 79' lang='lat' dir='ltr'><strong>certa</strong></span> <span class='ocrx_word' id='word_1_179' title='bbox 660 3679 760 3737; x_wconf 82' lang='lat' dir='ltr'><strong>bunum</strong></span> <span class='ocrx_word' id='word_1_180' title='bbox 783 3686 924 3737; x_wconf 80' lang='lat' dir='ltr'>certamen</span> <span class='ocrx_word' id='word_1_181' title='bbox 975 3691 1038 3737; x_wconf 89' lang='lat' dir='ltr'>tum</span> <span class='ocrx_word' id='word_1_182' title='bbox 1049 3692 1106 3738; x_wconf 86' lang='lat' dir='ltr'><strong>est:</strong></span> <span class='ocrx_word' id='word_1_183' title='bbox 1119 3690 1250 3755; x_wconf 86' lang='lat' dir='ltr'><strong>quartam</strong></span> <span class='ocrx_word' id='word_1_184' title='bbox 1260 3678 1377 3756; x_wconf 84' lang='lat' dir='ltr'><strong>quidem</strong></span> <span class='ocrx_word' id='word_1_185' title='bbox 1387 3701 1474 3758; x_wconf 81' lang='lat' dir='ltr'><strong>prop-</strong></span> 
     </span>
     <span class='ocr_line' id='line_1_26' title="bbox 365 3758 1473 3837; baseline 0.001 -20"><span class='ocrx_word' id='word_1_186' title='bbox 365 3776 407 3835; x_wconf 87' lang='lat'>25</span> <span class='ocrx_word' id='word_1_187' title='bbox 407 3759 503 3835; x_wconf 75' lang='lat' dir='ltr'><strong>fidei,</strong></span> <span class='ocrx_word' id='word_1_188' title='bbox 529 3758 711 3837; x_wconf 79' lang='lat' dir='ltr'><strong><em>apprehende</em></strong></span> <span class='ocrx_word' id='word_1_189' title='bbox 736 3759 822 3816; x_wconf 80' lang='lat' dir='ltr'><strong>vitam</strong></span> <span class='ocrx_word' id='word_1_190' title='bbox 843 3769 924 3817; x_wconf 75' lang='lat' dir='ltr'><strong>ater.</strong></span> <span class='ocrx_word' id='word_1_191' title='bbox 976 3773 1020 3818; x_wconf 84' lang='lat' dir='ltr'>ter</span> <span class='ocrx_word' id='word_1_192' title='bbox 1036 3761 1140 3819; x_wconf 87' lang='lat' dir='ltr'><strong>initum</strong></span> <span class='ocrx_word' id='word_1_193' title='bbox 1159 3759 1302 3817; x_wconf 81' lang='lat' dir='ltr'><strong>aJudaeis</strong></span> <span class='ocrx_word' id='word_1_194' title='bbox 1321 3760 1473 3818; x_wconf 85' lang='lat' dir='ltr'><strong>consilium</strong></span> 
     </span>
     <span class='ocr_line' id='line_1_27' title="bbox 422 3839 1472 3919; baseline 0.001 -23"><span class='ocrx_word' id='word_1_195' title='bbox 422 3861 501 3906; x_wconf 84' lang='lat' dir='ltr'><strong>num,</strong></span> <span class='ocrx_word' id='word_1_196' title='bbox 517 3840 546 3897; x_wconf 84' lang='lat' dir='ltr'>in</span> <span class='ocrx_word' id='word_1_197' title='bbox 562 3860 620 3918; x_wconf 83' lang='lat' dir='ltr'>qua</span> <span class='ocrx_word' id='word_1_198' title='bbox 636 3848 750 3898; x_wconf 78' lang='lat' dir='ltr'><strong>vocatus</strong></span> <span class='ocrx_word' id='word_1_199' title='bbox 764 3862 803 3908; x_wconf 80' lang='lat' dir='ltr'>es,</span> <span class='ocrx_word' id='word_1_200' title='bbox 819 3849 844 3897; x_wconf 81' lang='lat' dir='ltr'>et</span> <span class='ocrx_word' id='word_1_201' title='bbox 859 3862 924 3899; x_wconf 85' lang='grc' dir='ltr'>οοα-</span> <span class='ocrx_word' id='word_1_202' title='bbox 975 3841 1012 3899; x_wconf 83' lang='lat' dir='ltr'>de</span> <span class='ocrx_word' id='word_1_203' title='bbox 1027 3839 1191 3919; x_wconf 86' lang='lat' dir='ltr'><strong>proditione</strong></span> <span class='ocrx_word' id='word_1_204' title='bbox 1206 3840 1325 3896; x_wconf 88' lang='lat' dir='ltr'><strong>Domini</strong></span> <span class='ocrx_word' id='word_1_205' title='bbox 1338 3863 1344 3896; x_wconf 93' lang='lat'><strong>:</strong></span> <span class='ocrx_word' id='word_1_206' title='bbox 1361 3855 1472 3898; x_wconf 87' lang='lat' dir='ltr'><strong>sextum</strong></span> 
     </span>
     <span class='ocr_line' id='line_1_28' title="bbox 407 3918 1474 3998; baseline 0.001 -22"><span class='ocrx_word' id='word_1_207' title='bbox 407 3919 519 3998; x_wconf 77' lang='lat' dir='ltr'>sessus</span> <span class='ocrx_word' id='word_1_208' title='bbox 540 3919 642 3977; x_wconf 79' lang='grc' dir='ltr'>ὂυπανι</span> <span class='ocrx_word' id='word_1_209' title='bbox 663 3918 863 3997; x_wconf 70' lang='lat' dir='ltr'>cotfiessionem</span> <span class='ocrx_word' id='word_1_210' title='bbox 878 3941 923 3978; x_wconf 87' lang='lat' dir='ltr'>co·</span> <span class='ocrx_word' id='word_1_211' title='bbox 975 3934 1082 3987; x_wconf 85' lang='lat' dir='ltr'><strong>autem,</strong></span> <span class='ocrx_word' id='word_1_212' title='bbox 1110 3919 1189 3997; x_wconf 91' lang='lat' dir='ltr'><strong>quod</strong></span> <span class='ocrx_word' id='word_1_213' title='bbox 1222 3920 1282 3998; x_wconf 85' lang='lat' dir='ltr'><strong>ipse</strong></span> <span class='ocrx_word' id='word_1_214' title='bbox 1311 3940 1363 3997; x_wconf 91' lang='lat' dir='ltr'>pro</span> <span class='ocrx_word' id='word_1_215' title='bbox 1391 3922 1474 3979; x_wconf 84' lang='lat' dir='ltr'><strong>uobis</strong></span> 
     </span>
     <span class='ocr_line' id='line_1_29' title="bbox 420 3999 1473 4079; baseline 0.001 -22"><span class='ocrx_word' id='word_1_216' title='bbox 420 4022 486 4057; x_wconf 82' lang='lat' dir='ltr'>rum</span> <span class='ocrx_word' id='word_1_217' title='bbox 502 4000 600 4057; x_wconf 76' lang='lat' dir='ltr'><strong>multis</strong></span> <span class='ocrx_word' id='word_1_218' title='bbox 613 3999 741 4057; x_wconf 78' lang='lat' dir='ltr'><strong>testibus.</strong></span> <span class='ocrx_word' id='word_1_219' title='bbox 975 4022 1076 4079; x_wconf 83' lang='lat' dir='ltr'><strong>passus</strong></span> <span class='ocrx_word' id='word_1_220' title='bbox 1097 4002 1143 4059; x_wconf 89' lang='lat' dir='ltr'><strong>sit.</strong></span> <span class='ocrx_word' id='word_1_221' title='bbox 1188 4001 1272 4058; x_wconf 89' lang='lat' dir='ltr'><strong>Diem</strong></span> <span class='ocrx_word' id='word_1_222' title='bbox 1293 4020 1359 4058; x_wconf 87' lang='lat' dir='ltr'>vero</span> <span class='ocrx_word' id='word_1_223' title='bbox 1381 4000 1473 4058; x_wconf 90' lang='lat' dir='ltr'><strong>domi-</strong></span> 
     </span>
     <span class='ocr_line' id='line_1_30' title="bbox 975 4080 1472 4158; baseline 0.002 -20"><span class='ocrx_word' id='word_1_224' title='bbox 975 4082 1084 4147; x_wconf 88' lang='lat' dir='ltr'><strong>nicum,</strong></span> <span class='ocrx_word' id='word_1_225' title='bbox 1112 4080 1221 4138; x_wconf 74' lang='lat' dir='ltr'><strong>lutitiae</strong></span> <span class='ocrx_word' id='word_1_226' title='bbox 1245 4080 1320 4138; x_wconf 80' lang='lat' dir='ltr'><strong>diem</strong></span> <span class='ocrx_word' id='word_1_227' title='bbox 1350 4082 1472 4158; x_wconf 81' lang='lat' dir='ltr'><strong>agimus,</strong></span> 
     </span>
     <span class='ocr_line' id='line_1_31' title="bbox 549 4143 1474 4239; baseline -0.001 -20"><span class='ocrx_word' id='word_1_228' title='bbox 549 4143 704 4202; x_wconf 67' lang='lat' dir='ltr'>CANON</span> <span class='ocrx_word' id='word_1_229' title='bbox 727 4143 797 4201; x_wconf 75' lang='lat' dir='ltr'>XV·</span> <span class='ocrx_word' id='word_1_230' title='bbox 975 4162 1054 4239; x_wconf 88' lang='lat' dir='ltr'><strong>quod</strong></span> <span class='ocrx_word' id='word_1_231' title='bbox 1076 4163 1104 4219; x_wconf 88' lang='lat' dir='ltr'>in</span> <span class='ocrx_word' id='word_1_232' title='bbox 1126 4183 1160 4219; x_wconf 79' lang='lat' dir='ltr'>uo</span> <span class='ocrx_word' id='word_1_233' title='bbox 1181 4161 1348 4227; x_wconf 84' lang='lat' dir='ltr'><strong>resurrexit,</strong></span> <span class='ocrx_word' id='word_1_234' title='bbox 1366 4162 1395 4219; x_wconf 89' lang='lat' dir='ltr'>in</span> <span class='ocrx_word' id='word_1_235' title='bbox 1415 4181 1474 4237; x_wconf 87' lang='lat' dir='ltr'>quo</span> 
     </span>
     <span class='ocr_line' id='line_1_32' title="bbox 358 4240 1473 4325; baseline -0.004 -22"><span class='ocrx_word' id='word_1_236' title='bbox 358 4271 404 4325; x_wconf 86' lang='lat'>30</span> <span class='ocrx_word' id='word_1_237' title='bbox 419 4245 575 4320; x_wconf 84' lang='lat' dir='ltr'><strong>Ejusdem,</strong></span> <span class='ocrx_word' id='word_1_238' title='bbox 603 4242 652 4299; x_wconf 86' lang='lat' dir='ltr'>Ex</span> <span class='ocrx_word' id='word_1_239' title='bbox 677 4242 767 4301; x_wconf 86' lang='lat' dir='ltr'><strong>Libro</strong></span> <span class='ocrx_word' id='word_1_240' title='bbox 792 4242 827 4300; x_wconf 87' lang='lat' dir='ltr'>de</span> <span class='ocrx_word' id='word_1_241' title='bbox 854 4243 924 4301; x_wconf 86' lang='lat' dir='ltr'><strong>Pas·</strong></span> <span class='ocrx_word' id='word_1_242' title='bbox 975 4263 1029 4300; x_wconf 85' lang='lat' dir='ltr'>uec</span> <span class='ocrx_word' id='word_1_243' title='bbox 1042 4262 1137 4320; x_wconf 83' lang='lat' dir='ltr'><strong>genua</strong></span> <span class='ocrx_word' id='word_1_244' title='bbox 1155 4241 1271 4318; x_wconf 80' lang='lat' dir='ltr'><strong>quidem</strong></span> <span class='ocrx_word' id='word_1_245' title='bbox 1292 4240 1407 4300; x_wconf 80' lang='lat' dir='ltr'><strong>flectere</strong></span> <span class='ocrx_word' id='word_1_246' title='bbox 1426 4262 1473 4299; x_wconf 83' lang='lat' dir='ltr'>ac-</span> 
     </span>
     <span class='ocr_line' id='line_1_33' title="bbox 629 4323 1113 4401; baseline 0 -22"><span class='ocrx_word' id='word_1_247' title='bbox 629 4323 723 4380; x_wconf 85' lang='lat' dir='ltr'><strong>chate.</strong></span> <span class='ocrx_word' id='word_1_248' title='bbox 974 4324 1113 4401; x_wconf 86' lang='lat' dir='ltr'><strong>cepimus.</strong></span> 
     </span>
    </p>
   </div>
   <div class='ocr_carea' id='block_1_8' title="bbox 820 4445 1398 4520">
    <p class='ocr_par' dir='ltr' id='par_1_10' title="bbox 820 4445 1398 4520">
     <span class='ocr_line' id='line_1_34' title="bbox 820 4445 1398 4520; baseline 0.003 -29"><span class='ocrx_word' id='word_1_249' title='bbox 820 4457 841 4485; x_wconf 84' lang='lat' dir='ltr'><strong>m</strong></span> <span class='ocrx_word' id='word_1_250' title='bbox 859 4459 866 4491; x_wconf 89' lang='grc' dir='ltr'>ι</span> <span class='ocrx_word' id='word_1_251' title='bbox 885 4445 1091 4505; x_wconf 81' lang='lat' dir='ltr'><strong>Tim.vi.11,12.</strong></span> <span class='ocrx_word' id='word_1_252' title='bbox 1385 4488 1398 4520; x_wconf 39' lang='grc' dir='ltr'>γ</span> 
     </span>
    </p>
   </div>
   <div class='ocr_carea' id='block_1_9' title="bbox 0 0 2050 5150">
    <p class='ocr_par' dir='ltr' id='par_1_11' title="bbox 0 0 2050 5150">
     <span class='ocr_line' id='line_1_35' title="bbox 0 0 2050 5150; baseline 0 4"><span class='ocrx_word' id='word_1_253' title='bbox 0 0 2050 5150; x_wconf 95' lang='lat' dir='ltr'> </span> 
     </span>
    </p>
   </div>
  </div>
 </body>
</html>
