4092 5150
583 421 625 481 42
880 421 1129 497 RELiQUIAE
1156 421 1334 484 SACRAE.

581 593 843 695 παραδοθέντος
854 593 1021 695 τέτταρσι
1035 594 1228 696 τετραδίοις
1241 600 1473 697 στρατιωτῶν
1484 593 1632 702 φυλάσ-

584 761 663 807 σειν
688 727 808 807 αὐτόν·
841 730 882 808 οὗ
904 731 943 808 ἐν
966 732 1064 810 νυκτὶ
1090 727 1277 834 φυγόντος,
1297 734 1355 810 καὶ
1376 729 1571 834 ῥυσθέντας
1594 733 1632 808 ἐκ

583 862 700 968 χειρὸς
714 872 778 943 τοῦ
791 864 975 970 φονώδους
991 863 1159 967 Ἡρώδου
1177 868 1235 944 καὶ
1254 863 1376 964 πόσης
1394 868 1457 963 τῆς
1469 869 1632 966 προσδο-

583 1002 661 1084 κίας
688 1009 751 1079 τοῦ
775 1008 866 1079 λαοῦ
889 1007 961 1079 τῶν
982 1000 1172 1097 Ἰουδαίων,
1193 1002 1268 1079 κατ’
1298 998 1449 1099 ἐντολὴν
1472 1001 1632 1101 ἀγγέλου

586 1138 729 1238 Κυρίου·
766 1141 966 1239 γενομένης,
994 1139 1120 1242 φησὶν,
1146 1135 1276 1238 ἡμέρας
1304 1133 1347 1234 ἦν
1378 1133 1535 1241 τάραχος
1568 1136 1658 1227 mins

583 1272 706 1372 ὀλίγος
724 1273 762 1350 ἐν
780 1279 853 1355 τοῖς
875 1271 1122 1375 στρατιώταις,
1141 1272 1180 1350 τί
1194 1271 1264 1374 ἅμα
1289 1272 1309 1349 ὁ
1330 1271 1467 1375 Πέτρος
1480 1270 1631 1373 ἐγένετο.

582 1407 751 1510 Ἡρώδης
780 1406 817 1486 δέ
849 1404 1062 1509 ἐπιζητήσας
1090 1404 1197 1485 αὐτὸν
1225 1409 1283 1484 καὶ
1311 1404 1360 1504 μὴ
1389 1405 1509 1509 εὑρὼν,
1540 1410 1629 1485 ἀνα·

582 1544 703 1647 κρίνας
729 1542 811 1626 τοὺς
838 1541 1013 1648 φύλακας,
1043 1540 1228 1620 ἐκέλευσεν
1254 1543 1469 1644 ἀπαχθῆναι.
1503 1544 1545 1620 δι’
1572 1540 1633 1625 οὒς

583 1680 727 1778 οὐδεμία
746 1681 840 1758 αἰτία
858 1685 909 1785 τῷ
935 1679 1064 1785 Πέτρῳ
1089 1677 1345 1781 προσάπτεται·
1374 1679 1460 1784 ἐξῆν
1483 1675 1633 1780 γὰρκαὶ

584 1812 710 1898 αὐτοὺς
738 1814 936 1918 ἑωρακότας
970 1812 1011 1893 τὸ
1044 1812 1245 1916 γενόμενον,
1275 1817 1451 1920 ἐκφυγεῖν·
1492 1817 1541 1897 ὡς
1575 1817 1677 1894 καὶιο

584 1946 729 2029 Ιὶποίντα
753 1947 800 2028 τὰ
817 1951 941 2028 παιδία
966 1947 1012 2027 τὰ
1034 1951 1071 2028 έν
1098 1946 1274 2049 Βηθλεὲμ,
1293 1950 1351 2027 καὶ
1374 1951 1412 2026 ἐν
1436 1955 1531 2028 πᾶσι
1560 1955 1634 2032 τοῖς

584 2084 692 2187 ὁρίοις
708 2084 827 2182 αὐτῆς,
846 2090 874 2163 εί
894 2084 1111 2184 έγνώκεισαν
1127 2089 1160 2162 οἱ
1178 2090 1292 2184 γονεῖς
1307 2084 1422 2162 αὐτῶν
1436 2081 1477 2162 τὸ
1489 2083 1633 2182 μέλλον

585 2219 746 2315 ἔσεσθαι,
758 2215 849 2321 ἅπερ
860 2219 1087 2324 ἁιηρέθησαν
1101 2218 1170 2299 ὑπὸ
1184 2226 1247 2298 τοῦ
1260 2216 1450 2323 μιαιφόνου
1463 2219 1633 2321 Ἡρώδου

586 2352 711 2432 διὰτὸ
736 2355 791 2433 ὑπ’
812 2355 922 2433 αὐτοῦ
947 2353 1156 2455 ζητούμενον
1184 2353 1385 2434 ἀπολέσθω
1413 2351 1452 2431 ἓν
1475 2355 1631 2435 παιδίον·

513 2552 516 2561 .
586 2487 674 2591 ὅπερ
693 2491 751 2566 καὶ
765 2487 851 2567 αὐτὸ
868 2490 942 2566 κατ’
958 2487 1109 2588 ἐντολὴν
1122 2486 1282 2591 ἀγγέλου
1297 2491 1430 2591 Κυρίου
1447 2489 1630 2595 ἐξέφυγεν,
1643 2516 1668 2575 ¹5

586 2624 653 2723 ἤδη
678 2623 879 2731 ἀρξάμενον
906 2624 1040 2729 ταχέως
1069 2625 1255 2704 σκυλεύειν
1276 2627 1333 2702 καὶ
1359 2623 1470 2730 ὀξέως
1496 2660 1628 2729 προνο-

809 2758 986 2789 iit!

586 2758 713 2858 μεόειν,
733 2794 824 2838 κατα
841 2795 907 2859 την
926 2770 1117 2859 επικλησιν
1141 2768 1205 2838 τοῦ
1229 2759 1413 2857 ὀνόματος,
1431 2759 1551 2845 καθώς
1569 2761 1628 2864 γέ·

586 2929 754 2997 γραπται,
767 2893 954 2974 ἰΚάλεσον
966 2893 1008 2973 τὸ
1019 2894 1131 2995 ὄνομα
1142 2896 1260 2990 αὑτοῦ,
1273 2893 1406 2997 ταχέως
1416 2893 1631 2992 σκόλευσον,

586 3087 726 3146 stolorum
746 3086 879 3164 princeps
896 3088 938 3145 eis
955 3087 984 3144 in
1002 3107 1082 3144 men-
1135 3086 1186 3143 illo
1211 3087 1272 3144 viso
1295 3086 1373 3163 quod
1395 3086 1505 3144 factum
1526 3089 1631 3155 fuerat,

586 3179 645 3226 tem
667 3168 775 3232 venisti
797 3170 845 3243 qui
871 3168 900 3224 in
923 3166 1083 3226 custodiam
1135 3168 1280 3244 effugere:
1311 3168 1386 3225 sicut
1410 3178 1440 3224 et
1464 3188 1566 3228 omnes
1588 3170 1678 3227 iu·20

587 3260 649 3307 erst
663 3248 821 3324 conjectus,
833 3258 863 3305 et
875 3248 1000 3306 traditus
1014 3268 1085 3324 quo·
1135 3247 1230 3305 fontes
1245 3249 1293 3325 qui
1313 3258 1396 3306 erunt
1415 3247 1444 3303 in
1468 3248 1632 3315 Bethleem,

586 3340 654 3387 tuor
684 3328 923 3404 quaternionibus
958 3328 1083 3386 militum
1136 3340 1166 3386 et
1188 3329 1218 3385 in
1238 3330 1372 3386 omnibns
1394 3327 1458 3403 ejus
1478 3329 1634 3397 finibus,si

586 3408 698 3467 adeum
710 3408 946 3467 custodiendum:
959 3408 1084 3485 quicum
1135 3409 1286 3468 scivissent
1297 3429 1397 3466 eorum
1410 3420 1545 3483 parentes
1555 3410 1634 3488 quod

586 3500 675 3547 noctu
697 3489 830 3566 fugisset,
852 3501 883 3546 et
904 3509 940 3548 ex
965 3489 1084 3546 Judaeo·
1136 3502 1198 3547 erat
1210 3490 1353 3554 futurum,
1366 3490 1415 3566 qui
1430 3490 1569 3549 aorudeli
1582 3492 1634 3549 ho-

587 3591 652 3628 rum
663 3590 751 3627 manu
766 3580 897 3628 servatus
907 3582 993 3635 esset,
1001 3570 1086 3646 jussu
1136 3569 1241 3627 micidn
1257 3569 1375 3628 Herode
1384 3568 1491 3627 sublati
1506 3584 1585 3639 sunt,
1600 3582 1634 3630 ut
1649 3569 1710 3627 25

589 3649 697 3728 Angeli
722 3650 853 3717 Domini,
863 3649 953 3728 sacta
976 3649 1083 3727 inquit,
1136 3671 1213 3708 unus
1224 3651 1272 3727 qui
1291 3651 1327 3708 ob
1342 3670 1376 3708 eo
1390 3652 1574 3727 quoerebntur
1591 3651 1636 3709 in.

588 3731 643 3800 die,
656 3740 717 3789 erat
729 3752 783 3789 non
792 3752 886 3809 parua
902 3731 1027 3789 turbatio
1041 3732 1083 3788 in·
1136 3731 1201 3788 fans
1240 3731 1338 3796 eriret,
1353 3732 1402 3807 qui
1423 3741 1454 3788 et
1469 3731 1533 3809 ipse
1550 3731 1634 3807 jussu

588 3821 631 3870 ter
644 3812 757 3880 milites,
769 3810 1027 3891 quidnamsoctum
1042 3832 1085 3869 es.
1136 3752 1243 3888 Angeii
1267 3811 1326 3870 Dei
1347 3810 1461 3887 effugit,
1485 3812 1536 3889 qui
1559 3812 1634 3871 eele-

587 3901 629 3951 set
649 3893 685 3950 de
706 3893 801 3950 Petro.
846 3891 977 3950 Herodes
992 3900 1085 3949 orclem
1136 3893 1207 3949 riter
1214 3892 1273 3968 jam
1286 3903 1412 3970 coeperst
1425 3891 1518 3970 spolia
1529 3892 1636 3951 veloci.

588 3972 996 4052 cumrequisisseleum,et1mn
1008 3972 1083 4031 inve·
1136 3984 1181 4030 ter
1199 3972 1362 4037 detrahere,
1377 3984 1408 4031 et
1427 3971 1486 4030 cito
1501 3973 1634 4051 proederi,
1648 3970 1710 4043 3⁶

588 4053 684 4122 nisset,
697 4052 876 4131 inquisitione
876 4051 966 4130 sacto
978 4053 1013 4110 de
1023 4075 1086 4111 cus-
1136 4052 1295 4110 seeundum
1306 4052 1530 4131 appellationem
1543 4054 1635 4112 nomi·

589 4132 958 4269 todibunjussitsiffffocari,
987 4145 1086 4212 ropter
1137 4134 1200 4202 nis;
1231 4133 1475 4209 quemadmodum
1493 4134 1635 4213 seriptum

588 4235 661 4291 quos
689 4212 769 4271 nulls
796 4233 882 4291 cupa
906 4213 935 4270 in
963 4155 1084 4272 getium
1136 4225 1197 4272 est:
1225 4214 1299 4272 Voca
1312 4215 1636 4291 nornenejunoccelero

587 4294 745 4352 confertur.
788 4294 909 4351 Licebat
933 4295 1009 4351 enim
1033 4296 1083 4362 eis,
1136 4291 1635 4373 spoliodelrohere‚sestiuaprodo·

784 4423 963 4472 insonis.
1253 4422 1439 4482 ¹1s.viii.3‚4.
