4092 5150
598 426 641 490 70
934 423 1314 488 ANNOTATIONES

597 616 694 658 unum
711 612 784 678 205.
808 591 942 657 οαυιίάιιι
964 593 1070 656 Metu
1093 591 1279 668 Bodleiano,
1300 592 1454 679 MStoque
1475 593 1593 669 Νακὶἱ,
1612 600 1645 658 et

596 706 690 761 caere
705 696 941 778 OEcolampedii
957 696 1213 781 interpretatiorw,
1230 697 1393 761 contextui
1407 696 1519 782 adjeci.
1567 695 1645 760 Mox

596 801 673 882 φησὶ
687 808 761 885 post
781 800 952 881 γενομένης,
968 820 1031 862 non
1052 808 1089 863 ut
1109 799 1141 861 in
1155 798 1245 862 oden
1258 807 1332 884 poet
1351 799 1485 882 ἀγγέλου
1506 801 1555 864 vel
1575 807 1646 885 post

597 905 705 984 κυρίου,
730 901 890 978 collocavi,
904 899 1040 965 οαυιὶἀιιο
1061 899 1242 964 Βοάέσίαπὶο
1261 900 1485 986 obtemperans
1507 903 1644 978 Μθθιίι,

596 1005 851 1091 OEcolampndio‚
862 1005 1068 1088 Hervethue
1085 1002 1205 1067 ultani
1215 1004 1327 1069 codicic
1340 1003 1519 1089 interpreti.
1547 1004 1645 1068 Video

596 1109 720 1185 abesae,
734 1129 791 1172 nec
805 1107 898 1183 male,
914 1129 935 1170 α
945 1106 1078 1170 Pedalie
1092 1106 1348 1192 praepositionem
1363 1107 1443 1187 περὶ,
1458 1107 1524 1170 cita
1537 1114 1644 1171 auteur

597 1211 630 1274 in
653 1233 691 1275 eo
715 1233 783 1275 esee
810 1210 906 1273 verba
928 1231 998 1295 quae
1022 1209 1136 1294 adjeci,
1160 1216 1236 1274 ante
1258 1209 1460 1296 participium
1483 1209 1645 1290 ῥυσθέντας

597 1314 783 1397 interjecta:
819 1334 939 1376 necnon
968 1312 1011 1375 ibi
1037 1311 1098 1398 legi
1127 1311 1291 1394 γενομένης
1315 1312 1425 1393 ἡμέρας
1454 1313 1531 1393 φησὶ
1557 1312 1642 1393 repc-

596 1442 652 1500 χοι
666 1416 713 1495 ῆν.

641 1518 678 1582 P.
691 1539 743 1596 41.
766 1517 787 1581 Ι.
811 1520 858 1580 18.
881 1522 933 1580 τοῦ
956 1517 1112 1597 προκρίτου
1130 1523 1190 1580 τῶν
1212 1517 1391 1580 ἀποστόλων
1414 1514 1546 1599 Πέτρου]
1574 1514 1643 1578 Viti

597 1625 707 1682 uotam
720 1640 817 1702 supra
832 1618 873 1681 ad
890 1617 1009 1682 Cenon.
1026 1617 1091 1680 IX.

640 1720 677 1784 P.
692 1740 745 1798 42.
772 1721 792 1783 l.
808 1721 837 1784 8.
866 1719 1047 1804 ἀπαχθῆναι]
1079 1719 1159 1783 Nan.
1187 1719 1258 1783 MS.
1290 1722 1472 1783 ἀποκτεῖναι.
1523 1717 1644 1782 Textue

597 1824 670 1888 Act.
684 1823 737 1886 xii.
756 1843 804 1886 ιο.
826 1824 1006 1906 ἀπαχθῆναι.
1028 1824 1189 1886 (iaanenu.
1226 1821 1322 1906 Vulpo
1341 1823 1543 1904 ἀπαγχθῆναι.
1582 1820 1643 1885 Sed

596 1926 766 2008 ἀπαχθῆναι
800 1948 839 1988 ex
870 1923 958 1987 Petri
988 1923 1151 1988 (lenonum
1180 1947 1231 1988 aec
1259 1923 1474 2007 manuscriptio
1508 1922 1643 1987 restitui.

597 2026 708 2091 Habet
737 2034 845 2091 autem
875 2029 1042 2108 ἐπαχθῆναι
1073 2026 1136 2089 eod.
1163 2028 1232 2111 158.
1263 2032 1297 2090 et
1327 2028 1455 2108 ἀχθῆναι
1483 2025 1548 2089 cod.
1572 2030 1645 2110 625.

596 2130 689 2193 Solus
703 2129 801 2193 habet
816 2129 877 2192 cod.
894 2128 946 2192 ille
963 2148 1034 2211 205.
1051 2127 1206 2212 culpatum
1221 2130 1421 2210 ἀπαγχθῆναι.
1458 2125 1497 2189 In
1514 2127 1643 2191 Pedalie

594 2231 722 2316 quidem
744 2240 855 2295 extare
877 2253 960 2294 nunc
976 2233 1068 2295 video
1090 2233 1300 2313 ἀπαγχθῆυαι;
1325 2230 1380 2292 sed
1400 2228 1444 2291 ibi
1460 2230 1643 2314 adpositum

594 2341 655 2407 eat,
673 2336 701 2397 εἰ
715 2334 821 2400 ἀλλοις
836 2335 1015 2415 ἀπαχθῆναι.
1049 2334 1128 2397 Mox
1144 2333 1310 2397 lectionem
1323 2341 1465 2396 nostram
1480 2334 1644 2414 γενόμενον

595 2458 654 2522 pro
669 2434 793 2520 ουάραία
808 2439 967 2516 γινόμενον
980 2457 1032 2499 een
1047 2435 1224 2500 Bodloioni.

642 2537 722 2602 lbid.
740 2536 759 2600 l.
777 2558 787 2601 ι
794 2553 825 2621 5.
842 2535 1003 2625 ἐξέφυγεν]
1022 2538 1095 2602 MS.
1108 2537 1189 2602 Nan.
1202 2536 1338 2619 ἐξέφυγε.
1355 2535 1418 2617 μεθ
1431 2539 1474 2601 ὧν
1485 2537 1534 2601 καὶ
1542 2537 1578 2601 τὸ
1589 2537 1644 2619 πρὸ

596 2643 687 2705 αὐτοῦ
707 2643 853 2723 γεννηθέν
872 2641 990 2703 παίάιον
1006 2667 1031 2704 κ.
1047 2665 1073 2703 τ.
1085 2648 1115 2703 λ.
1131 2641 1189 2704 aub
1210 2641 1304 2703 finem
1321 2640 1471 2704 Cononis.
1511 2640 1643 2726 Reliqua

595 2743 783 2808 intermedie
808 2744 924 2806 desunt
950 2743 982 2805 in
1006 2742 1122 2807 codice.
1171 2742 1281 2827 Neque
1306 2765 1382 2807 aene
1412 2741 1585 2805 Balsnmon
1611 2751 1643 2807 et

596 2848 740 2910 Zonaras
765 2868 804 2909 ea
826 2845 938 2930 legisse
963 2846 1120 2909 videntur.
1156 2848 1317 2910 Gannauu.
1370 2844 1420 2907 De
1445 2842 1643 2907 Baleamonia

595 2949 770 3011 Zonaraeve
785 2947 920 3011 lectione
938 2970 978 3011 ex
996 2948 1136 3032 ipsorum
1152 2946 1396 3012 Commentariis
1414 2967 1478 3008 uon
1493 2954 1640 3020 constat;

595 3072 697 3134 neque
716 3072 798 3113 rarae
820 3059 895 3113 eunt
917 3050 949 3111 in
971 3071 1127 3113 canonum
1150 3049 1309 3113 codicibus
1335 3047 1462 3132 scriptia
1486 3047 1520 3110 id
1545 3069 1643 3133 genua

595 3152 676 3216 sacri
692 3159 800 3216 textus
816 3152 1008 3215 omissiones.
1055 3151 1094 3214 In
1110 3153 1241 3216 Meum
1258 3173 1332 3216 vero
1346 3150 1528 3214 Bodleicm's
1546 3159 1642 3236 utque

595 3253 738 3318 werino
765 3256 891 3318 Latinis
919 3251 1130 3338 interpretibus
1159 3252 1404 3337 OEcolnmpndio
1433 3260 1467 3316 et
1501 3251 1641 3317 Herveto

595 3364 684 3421 totus
698 3356 785 3420 locus
800 3365 972 3441 comperet.

639 3459 677 3521 P.
690 3479 742 3544 43.
761 3459 781 3521 l.
793 3480 823 3542 5.
847 3465 1049 3539 προσκυνοῦσι
1071 3460 1111 3543 τῷ
1135 3460 1253 3542 παιδίῳ]
1286 3455 1378 3541 Vulgo
1399 3481 1430 3519 π.
1455 3454 1489 3517 τὸ
1513 3457 1640 3519 παιδίαν.

595 3561 658 3624 Sed
673 3561 766 3624 aliter
780 3560 931 3646 evangelii
947 3571 1056 3624 textus
1071 3571 1104 3624 et
1119 3570 1249 3644 quotuor
1266 3560 1353 3623 Petri
1369 3558 1486 3621 Mser-i
1496 3558 1589 3622 Bodl.

639 3662 723 3726 lbid.
742 3663 762 3725 l.
776 3682 803 3741 7.
828 3664 1003 3744 καιριώτατα
1026 3663 1073 3726 καὶ
1093 3662 1325 3743 πρεπωδέστατα
1347 3662 1436 3744 δῶρα]
1466 3661 1562 3725 Hune
1584 3681 1640 3746 pro

594 3764 717 3849 αυάραθα
734 3763 866 3828 lectione
883 3768 1055 3847 καιριώτερα
1070 3766 1117 3828 καὶ
1137 3764 1365 3846 πρεπωδέστερα
1379 3770 1405 3828 δ.
1422 3785 1439 3826 e
1456 3786 1507 3826 ααα
1520 3763 1641 3849 scriptia

594 3867 771 3930 Bodleicnie
793 3866 927 3930 restitui.
973 3868 1075 3931 Porro
1097 3867 1177 3930 nlius
1199 3867 1308 3942 codex,
1332 3887 1444 3949 nempe
1467 3866 1572 3930 Βοιαὶ.
1592 3865 1640 3929 ἰΗα

595 3992 724 4033 numero
736 3971 808 4052 625.
821 3967 1015 4052 designatus,
1030 3972 1204 4050 καιριώτατα
1215 3969 1332 4044 hebet;
1348 3969 1506 4052 vertitque
1522 3967 1641 4033 Titiani

593 4072 703 4136 codicis
724 4072 881 4155 interpres
904 4071 1075 4147 Hervetus‚
1097 4072 1227 4135 macinae
1249 4082 1416 4157 ορροουααα
1431 4081 1458 4134 et
1479 4071 1639 4157 mcqnifioo

592 4177 681 4251 dorm,
698 4185 731 4238 et
746 4173 1019 4258 OEeolampndiua,
1035 4175 1309 4238 conuenientium
1323 4185 1351 4239 et
1370 4174 1578 4238 ἀναοαθὶοοίυια
1591 4174 1639 4237 do

593 4279 696 4343 nario.
743 4277 823 4339 Mox
845 4299 902 4361 pro
924 4277 978 4340 illo
1000 4279 1053 4341 τὸν
1067 4278 1230 4356 Ἀσσύριον
1252 4276 1394 4356 βασιλέα,
1416 4276 1463 4340 ita
1483 4276 1638 4340 scribente

595 4382 703 4454 Petro,
720 4400 757 4442 ao
778 4379 804 4441 ai
828 4379 932 4463 typice
948 4380 1143 4464 significetur
1162 4380 1246 4463 apud
1263 4379 1391 4443 Esaiam
1412 4378 1573 4455 Herodes,
1587 4398 1636 4441 ex-
