4092 5150
473 422 539 485 824
659 420 818 485 GESTA
842 418 976 484 APUD
1001 418 1347 484 ZENOPHILUM.

476 603 495 629 '⁸
511 590 651 657 codicem
665 590 818 655 dedistis!
842 591 989 655 Proferte
1002 589 1187 674 Scriptum
1197 613 1279 675 quas
1293 589 1432 654 habetis
1470 590 1522 655 Οι-

476 716 495 738 “
512 703 632 768 tulinus
646 711 680 768 ct
696 701 892 767 Msrcuclius
906 701 1072 766 dixerunt:
1102 702 1181 766 Plus
1194 723 1260 765 non
1274 701 1444 778 habmus,
1457 702 1523 786 quis

476 826 495 851 ‘⁸
511 813 720 878 subdiaconos
733 834 860 877 sumus:
884 813 941 876 sod
961 812 1099 876 lectores
1122 811 1244 875 hsbont
1264 811 1403 875 codices.
1441 810 1523 874 Felix

478 923 622 987 “flsmon
636 932 809 1008 perpetuus
823 931 955 987 curator
971 921 1154 1007 reipublicae
1174 920 1358 985 Morcuclio
1379 929 1416 986 ct
1436 923 1524 986 estu

485 1033 576 1098 “lino
598 1034 700 1099 dixit:
723 1035 955 1101 Demonstrstc
976 1034 1069 1097 nobis
1090 1033 1236 1097 loctoros
1284 1033 1481 1098 Msrouclins
1496 1041 1524 1096 ct

477 1155 497 1185 ¹⁴
513 1143 683 1208 Catulinus
708 1144 878 1207 dixerunt:
907 1143 985 1207 Non
1009 1143 1128 1208 scimus
1151 1142 1206 1208 ubi
1229 1150 1398 1208 mount.
1444 1143 1523 1208 Felix

476 1265 495 1291 ‘⁸
511 1252 627 1320 flamen
641 1261 815 1339 perpetuus
829 1268 960 1321 curator
976 1253 1159 1338 reipublicoe
1173 1253 1328 1318 Catulino
1347 1262 1384 1318 ot
1404 1253 1523 1319 Marcu·

477 1375 496 1399 “
513 1361 572 1426 olio
586 1362 686 1427 dixit:
712 1362 746 1427 Si
766 1363 821 1427 ubi
840 1373 973 1428 manent
992 1384 1057 1427 non
1077 1363 1191 1439 nostis,
1206 1363 1340 1428 nominc
1357 1386 1469 1428 corum
1487 1365 1523 1428 di

476 1484 495 1512 '⁸
512 1472 583 1536 cite.
624 1472 791 1540 Catulinus
805 1481 839 1543 et
854 1472 1051 1538 Marcuclius
1064 1472 1237 1537 dixerunt:
1261 1473 1332 1537 Nos
1346 1495 1414 1538 non
1427 1497 1523 1540 sumtu

477 1594 495 1619 ¹·
513 1582 702 1666 proditores.
746 1583 833 1647 Ecce
847 1603 966 1659 somus,
981 1582 1061 1666 jubo
1078 1604 1137 1647 nos
1150 1582 1262 1647 occidi.
1310 1583 1406 1648 Felix
1420 1584 1522 1649 flumen

476 1704 495 1726 ¹‘
511 1700 683 1778 perpetuus
697 1700 828 1761 curator
838 1692 1018 1777 reipublicae
1031 1692 1135 1757 dixit:
1150 1691 1374 1777 Recipisntur.
1406 1694 1523 1759 Etcum

476 1813 495 1842 ¹⁸
512 1810 641 1866 ventum
655 1809 740 1866 osset
753 1801 797 1866 cd
811 1802 941 1869 domum
957 1800 1105 1887 fingenii,
1122 1801 1215 1866 Felix
1225 1802 1346 1866 flumen
1360 1811 1522 1890 perpetuus

476 1923 495 1949 ‘¹
511 1919 641 1976 curator
651 1913 830 1997 reipublicae
842 1914 924 1979 dixit
938 1915 1103 1999 Eugenio:
1121 1914 1236 1978 Profer
1248 1912 1440 2001 Scripturas
1455 1936 1521 2001 quus

476 2034 495 2062 ¹⁴
511 2022 621 2099 hobus,
636 2031 673 2087 ut
688 2032 848 2109 praeoopto
862 2046 975 2108 parcre
985 2025 1105 2109 possis:
1122 2031 1157 2090 ot
1167 2024 1305 2109 protulit
1319 2026 1448 2091 codices
1458 2046 1522 2111 qus·

477 2144 497 2167 “
513 2140 597 2204 tuor,
634 2132 724 2197 Felix
739 2133 856 2198 flumen
870 2147 1044 2219 perpetuus
1059 2144 1190 2200 curator
1203 2136 1392 2220 reipublicae
1407 2137 1522 2200 Silvano

478 2253 497 2282 ¹‘
513 2249 548 2306 ct
562 2242 682 2307 Coroso
696 2242 796 2307 dixit:
813 2243 1043 2310 Demonstratc
1057 2253 1182 2310 cetoros
1197 2246 1347 2309 lectores.
1389 2244 1522 2308 Silvanus

480 2363 499 2384 “
515 2358 548 2416 et
562 2349 702 2416 carosus
717 2351 884 2419 dixerunt:
908 2355 928 2396 ⁴*
938 2355 1015 2418 Jcrn
1031 2354 1115 2419 dixit
1126 2355 1294 2441 opiscopus
1306 2355 1385 2440 quis
1396 2354 1522 2419 Edusius

479 2474 497 2497 '¹
514 2468 548 2527 st
562 2461 584 2525 J
586 2461 678 2526 unius
692 2471 878 2544 exceptores
898 2485 1008 2528 omues
1028 2471 1194 2529 noverunt.
1240 2464 1308 2548 Ipsi
1329 2464 1391 2528 tibi
1408 2464 1521 2528 domu

481 2584 499 2605 ¹¹
516 2579 621 2636 stront
635 2572 677 2635 cd
691 2572 805 2644 domus
825 2595 946 2637 corum.
995 2573 1136 2643 Edusius
1154 2582 1189 2638 ct
1208 2575 1231 2637 J
1234 2573 1329 2638 unius
1348 2583 1522 2660 exceptores

481 2693 499 2715 '⁶
516 2681 683 2745 dixerunt:
707 2683 774 2744 Nos
788 2703 843 2745 cos
854 2683 1121 2759 demonstramus,
1134 2682 1280 2747 Domine.
1314 2682 1447 2748 Etcum
1460 2703 1520 2747 vcn-

481 2803 500 2824 “
516 2799 584 2854 tum
600 2790 711 2854 suisset
732 2792 774 2855 cd
797 2792 927 2855 domum
950 2793 1067 2857 Felicis
1084 2792 1230 2870 sarsoris,
1249 2793 1388 2878 protulit
1410 2793 1519 2858 codices

480 2914 499 2936 “
516 2902 662 2987 quinquo.
694 2901 824 2965 Etcum
839 2911 968 2966 ventum
983 2911 1068 2967 essct
1083 2905 1124 2966 ud
1138 2904 1267 2967 domum
1280 2904 1448 2981 Victorini,
1460 2924 1517 2989 pro

481 3012 591 3076 “tulit
613 3011 738 3076 codices
761 3019 844 3075 octo.
891 3010 1029 3076 Etcum
1053 3021 1182 3076 ventum
1206 3013 1320 3078 fuisset
1340 3015 1383 3079 ad
1407 3016 1517 3079 domum

481 3135 500 3156 “
519 3123 670 3206 Projecti,
695 3121 830 3207 protulit
853 3121 976 3186 codices
999 3144 1028 3184 v.
1045 3122 1193 3206 majoros,
1217 3129 1252 3187 et
1278 3125 1419 3189 minores
1443 3125 1514 3187 duos

482 3233 564 3299 “Et
590 3256 661 3297 cum
686 3234 728 3298 ad
751 3232 952 3318 grammatici
977 3234 1107 3296 domum
1132 3240 1262 3297 ventum
1290 3235 1415 3309 fuisset,
1442 3231 1514 3297 Felix

482 3357 501 3379 “
517 3344 631 3409 flumen
648 3354 819 3429 pcrpctuus
835 3352 964 3407 curator
975 3343 1101 3407 Victori
1112 3344 1325 3428 grammatico
1340 3346 1439 3410 dixit:
1453 3346 1512 3407 Pro

484 3468 503 3489 '‘
519 3456 567 3519 sor
592 3456 774 3540 Scripturas
799 3478 879 3540 quos
905 3455 1015 3530 habos,
1041 3463 1078 3518 ut
1102 3463 1263 3541 praecopto
1286 3478 1402 3540 pnrcrc
1423 3453 1510 3541 possis.

484 3578 502 3602 “
521 3567 631 3631 Victor
645 3567 871 3651 grammaticus
892 3566 1010 3631 obtulit
1030 3566 1154 3630 codices
1166 3588 1204 3628 11.
1221 3573 1255 3631 ct
1275 3568 1439 3651 quiniones
1452 3583 1508 3650 qus·

483 3686 502 3714 “
512 3685 595 3742 tuor.
619 3677 710 3740 Felix
720 3676 833 3741 flumen
844 3684 1015 3763 perpetuus
1025 3685 1154 3741 curator
1166 3676 1293 3741 Victori
1306 3678 1405 3743 dixit:
1421 3673 1510 3741 Profer

484 3799 503 3820 “
521 3788 713 3872 Scripturas,
737 3787 807 3873 plus
830 3788 938 3851 habos.
984 3787 1099 3851 Victor
1122 3789 1352 3872 grammaticus
1374 3788 1463 3852 dixit:
1481 3778 1507 3843 Si

484 3910 503 3933 “
519 3898 590 3983 plus
614 3897 804 3972 habuissem,
830 3898 995 3961 dedissem.
1035 3898 1176 3962 Etcum
1200 3904 1332 3962 ventum
1358 3888 1506 3963 inissetid

485 4012 648 4074 “domum
677 4010 794 4074 Euticii
824 4009 1077 4087 Gaesarioncnsis,
1104 4009 1196 4074 Fclix
1219 4009 1337 4074 flamen
1360 4013 1505 4095 perpetuus

485 4131 504 4156 ‘⁸
521 4127 650 4184 curator
665 4119 792 4184 Euticio
813 4120 913 4183 dixit:
939 4120 1052 4183 Profor
1073 4120 1257 4204 Scripturas
1272 4142 1353 4204 quus
1371 4119 1465 4189 habeo
1476 4112 1504 4171 V

485 4243 504 4271 ‘¹
522 4239 680 4325 pmccpto
708 4254 818 4315 pnrorc
845 4232 956 4314 possis.
1016 4230 1159 4294 Euticius
1188 4230 1286 4294 dixit:
1322 4230 1392 4293 Non
1416 4223 1501 4299 habco·

838 4388 851 4411 ³
864 4382 933 4450 (vid.
945 4399 1018 4446 supra
1031 4398 1083 4444 pag.
1097 4383 1165 4443 3²¹·)
