4092 5150
595 420 659 487 172
946 419 1297 490 ANNOTATIONES

979 744 1131 810 0ANON
1156 745 1260 808 XXV.

639 905 676 966 P.
693 903 795 967 mol.
810 924 858 967 10.
871 905 1063 989 έπιφορῆσαι]
1085 905 1138 970 Sio
1160 927 1219 991 pro
1239 901 1416 985 έπιφορέσαι
1435 903 1634 991 Bevoregius3

592 1027 687 1091 quem
709 1029 769 1092 ego
791 1016 1019 1084 montuosum,
1045 1015 1214 1093 propterea
1239 1005 1324 1091 quod
1350 1007 1535 1086 ἑπιφορῆσαι
1559 1006 1637 1070 exhi

593 1109 670 1172 bent
679 1108 819 1194 plerique
828 1131 937 1173 omnes
946 1109 1020 1174 libri
1026 1111 1146 1196 scripti,
1160 1109 1257 1173 θυόεν
1268 1108 1638 1184 Οσπσπεννθνσίνίθὶαπνα

592 1213 736 1275 Zonaras
756 1220 790 1276 et
809 1212 969 1289 Balsamo‚
991 1212 1015 1275 J
1016 1235 1197 1298 oannesque
1220 1211 1450 1276 Antioohenns.
1497 1210 1561 1276 His
1578 1212 1640 1297 jam

591 1315 674 1378 adde
697 1315 873 1379 Pedalium.
918 1316 1033 1379 Posuit
1053 1325 1161 1381 autem
1183 1314 1283 1398 φορέσ
1300 1313 1449 1378 AEmilius
1473 1313 1640 1378 Portusin

592 1418 702 1482 Larioo
716 1440 773 1482 suo
788 1419 891 1481 lonico
902 1419 934 1481 in
945 1418 1113 1483 vorborum
1122 1440 1264 1493 numero,
1275 1439 1345 1502 quae
1354 1416 1499 1481 futurum
1510 1425 1639 1502 atroque

590 1519 686 1582 modo
704 1521 876 1586 formatum
891 1521 1021 1585 habent.
1049 1522 1121 1585 vid.
1136 1530 1170 1585 et
1187 1519 1357 1584 Phavorini
1372 1519 1479 1583 Leeio.
1495 1541 1524 1582 v.
1540 1525 1623 1582 ποιῦ.

635 1620 717 1687 lbid.
730 1623 749 1686 i.
773 1643 818 1708 13.
835 1623 985 1708 βαθμούς]
1010 1623 1069 1687 Ait
1084 1623 1252 1688 Balsama:
1280 1623 1358 1686 Ἀπὸ
1378 1621 1495 1703 φάττον
1515 1622 1596 1689 τινὸς
1616 1624 1639 1685 oi

591 1724 717 1806 πατέρες
737 1725 976 1805 παρεκινήθησαν
998 1726 1053 1789 τὸν
1073 1728 1208 1808 παρόντα
1234 1727 1346 1789 κανόνα
1369 1722 1520 1786 έκθέσθαα
1552 1749 1639 1805 προσ-

592 1826 726 1907 ηγγέλθη
747 1832 805 1909 γὰρ
828 1829 934 1904 αὐτοῖς,
958 1829 1003 1891 ὅτι
1021 1829 1176 1908 ἄνθρωπός
1194 1852 1237 1894 τις
1257 1826 1522 1906 μνηστευσόμενος
1544 1828 1639 1908 κόρην,

592 1930 765 2011 συνεφθόρη
779 1934 854 2009 μετὰ
868 1933 918 2007 τῆς
932 1931 1066 2010 ἀδελφῆς
1081 1930 1179 2009 αὐτῆς,
1195 1931 1234 1995 ὡς
1248 1930 1379 1992 καὶκατὰ
1389 1928 1525 2008 γαστέρα
1536 1931 1639 2007 ταύτην

593 2032 625 2093 έκ
640 2032 744 2094 τούτου
759 2037 928 2110 συλλαβεῖν
943 2035 1046 2111 (τοῦτο
1061 2031 1119 2112 γόρ
1135 2033 1199 2094 έστι
1218 2031 1252 2093 τό
1273 2030 1481 2111 έπιφορῆσαι),
1498 2030 1549 2093 καὶ
1570 2033 1639 2109 μετὰ

590 2137 676 2195 τοῦτο
692 2138 766 2197 κατὰ
780 2133 876 2214 γόμου
891 2136 1048 2197 κοινωνίαν
1064 2135 1254 2214 σννηρμόσθη
1270 2136 1305 2219 τῇ
1319 2133 1413 2216 οἰκείᾳ
1425 2136 1556 2218 μνηστῇ.
1578 2133 1639 2212 ἡδὲ

592 2235 764 2316 αὐταδελφὴ
784 2237 888 2314 ταύτης
902 2237 959 2300 σὺν
974 2237 1014 2320 τῷ
1031 2235 1214 2316 ἁμαρτήματι
1228 2239 1280 2314 τῆς
1294 2236 1460 2313 αἱμομςξίας
1475 2236 1639 2315 ἐφόνευσεν

592 2335 707 2414 ἑαυτήν.
731 2339 844 2417 ὥρισαν
864 2338 918 2400 οὖν
936 2339 1004 2404 τοὺς
1024 2338 1197 2403 συνειδότας
1216 2340 1309 2399 ταῦτα
1330 2338 1368 2398 τὰ
1387 2338 1474 2408 κακὰ,
1496 2339 1574 2414 μετὰ
1593 2341 1639 2400 δε·

592 2440 713 2501 καετίαν
726 2441 913 2519 ὀφείλουσαν
932 2443 981 2501 διὰ
1000 2444 1059 2501 τῶν
1079 2443 1215 2517 συνηθῶν
1234 2441 1360 2516 βαθμῶν
1381 2443 1560 2517 παρελθεῖν,
1576 2443 1639 2520 δεχ-

590 2544 677 2620 θῆναι
692 2544 735 2607 εἱς
754 2542 808 2621 τὴν
827 2545 902 2621 μετὰ
923 2548 982 2606 τῶν
1001 2547 1117 2605 πιστῶν
1136 2540 1237 2624 εὐχήν.
1281 2538 1445 2604 Oanonem
1460 2561 1591 2604 nxxvru.
1607 2539 1638 2604 S.

590 2640 699 2705 Basilii
715 2642 763 2705 M.
779 2664 953 2707 memorare
969 2645 1246 2707 Commentatores
1261 2647 1409 2725 pergunt,
1425 2662 1489 2725 quo
1511 2642 1639 2726 punitur

589 2767 647 2828 per
660 2767 715 2808 sex
731 2767 831 2809 annos
845 2746 905 2818 ille,
919 2746 972 2829 qui
985 2747 1065 2810 duas
1076 2767 1199 2809 sorores
1212 2744 1244 2806 in
1253 2742 1491 2807 matrimonium
1503 2744 1638 2809 duxerit.

589 2845 679 2909 Oonf.
692 2846 769 2910 Gan.
783 2846 829 2908 ΙΙ.
845 2847 974 2910 Ooooilii
983 2848 1119 2910 Neoooea.
1135 2846 1188 2931 qui
1200 2845 1351 2929 sequitur.
1383 2845 1465 2909 Ha‘o
1475 2845 1637 2910 haetenus

589 2948 670 3010 Mox
687 2950 750 3012 duo
764 2950 819 3013 illa
834 2950 972 3034 oapituia
987 2950 1118 3035 hujusne
1132 2948 1256 3033 synodi,
1274 2947 1392 3011 Latine
1412 2947 1545 3033 scripta,
1571 2970 1638 3033 qnae

588 3051 620 3114 in
656 3052 858 3115 Conciliorom
891 3052 1046 3117 editiones
1079 3075 1119 3116 ex
1148 3050 1262 3115 Libeia
1292 3049 1447 3114 Sedato
1476 3049 1639 3115 Libram

588 3155 778 3218 Portioliom
808 3156 867 3239 (sio
897 3156 1084 3239 loquuntur)
1115 3155 1251 3219 adventa
1281 3161 1365 3230 sunt,
1391 3175 1548 3238 germana
1572 3177 1638 3219 osso

589 3258 831 3342 Aneyranorum
859 3259 996 3331 decreta,
1028 3258 1098 3343 quis
1123 3265 1173 3321 ast
1199 3257 1348 3329 omnium,
1376 3256 1430 3340 qni
1455 3257 1638 3322 existimet!

588 3359 633 3423 Et
650 3361 782 3424 Damasi
802 3382 893 3446 papae
913 3360 1022 3423 eadem
1039 3359 1145 3445 potins
1162 3380 1230 3422 osso
1245 3358 1356 3422 Binins
1373 3364 1447 3446 post
1463 3359 1638 3423 Baronium

587 3461 786 3546 significavit.

618 3564 684 3628 EX
697 3564 824 3628 Latinis
834 3564 1078 3649 Interpretibus,
1089 3564 1243 3648 Dionysio
1254 3564 1380 3649 Exiguo
1395 3570 1429 3628 et
1440 3564 1637 3629 versionibus

589 3668 768 3731 Isidoriona
782 3690 820 3732 ao
837 3668 958 3745 Prisco,
974 3668 1102 3731 nomine
1121 3667 1340 3753 episcoporum
1359 3689 1443 3731 nuno
1464 3685 1634 3752 apponam,

586 3770 640 3853 qui
655 3769 687 3832 in
702 3769 762 3832 hao
777 3769 897 3853 synodo
912 3770 1126 3833 convenerint.
1171 3769 1275 3833 Extat
1290 3775 1407 3844 autam,
1422 3768 1476 3854 qui
1492 3770 1636 3854 sequitur

585 3878 716 3957 patrum
731 3871 906 3955 Catalogus
920 3877 994 3955 post
1009 3893 1145 3935 canones
1160 3870 1348 3955 Aneyranos
1363 3869 1497 3956 positus,
1514 3877 1584 3935 tnm
1602 3869 1633 3933 in

585 3973 724 4037 editione
740 3973 880 4058 principe
895 3973 1099 4055 Dionysianae
1112 3972 1278 4037 Versionis
1293 3994 1377 4037 anno
1395 3987 1483 4056 1525.
1499 3972 1633 4057 Mogun·

586 4075 640 4138 tiae
655 4076 739 4159 typis
755 4075 917 4160 impressa,
933 4084 1002 4139 tum
1018 4097 1092 4139 vero
1109 4074 1141 4137 in
1165 4075 1218 4138 illo
1240 4075 1382 4159 ejusdem
1398 4073 1560 4137 Versionis
1579 4096 1630 4137 ax·

585 4178 716 4261 emplari
739 4201 759 4241 a
782 4178 952 4242 Francisoo
975 4177 1104 4242 Pithoeo
1128 4178 1216 4265 prins
1238 4179 1404 4252 adornato,
1431 4186 1505 4263 post
1526 4185 1630 4243 autem
1694 4227 1704 4238 .

588 4279 719 4343 Parisiis
734 4303 817 4344 anno
835 4284 924 4363 1687.
940 4303 1067 4345 excuso.
