4092 5150
660 421 711 485 IN
735 421 768 484 S.
789 421 1034 487 LUCIANUS
1059 421 1281 486 MARTYR.
1452 426 1495 490 17

449 592 624 677 scriptum
660 591 721 655 etsi
748 599 862 657 auctor
889 589 1091 676 Diolopcnuc
1118 591 1156 657 do
1181 593 1215 656 S.
1236 591 1386 658 llicitcte
1414 592 1498 658 inter

451 692 623 758 Athanasii
637 699 735 778 atque
750 693 945 758 Theodoreti
965 716 1064 780 opera
1086 694 1202 771 editus,
1217 694 1270 780 qui
1286 703 1436 781 vergente
1455 698 1497 760 ad

450 794 544 859 finem
558 796 676 860 oeculo
690 803 806 880 quarto
820 797 956 860 sortasse
971 796 1090 871 floruit,
1106 796 1190 861 idem
1204 797 1357 882 scriptum
1368 797 1498 862 Luoiaui

450 920 528 976 esse,
557 897 715 984 particula
739 899 807 984 ejus
833 898 987 975 adducta,
1013 898 1194 963 crediderit.
1240 899 1303 964 Sed
1329 903 1500 982 γνησιάιητι

451 1000 519 1083 ejus
532 1000 671 1064 maxime
688 1023 839 1086 opponas,
856 1000 940 1086 quod
960 1001 1128 1065 adnotavit
1146 1001 1251 1066 editor
1271 1001 1497 1066 Benedictinus

451 1102 493 1164 ad
507 1100 680 1179 Hilarium,
695 1102 749 1165 ubi
772 1124 886 1186 supra:
910 1110 930 1139 “
943 1102 1098 1180 Quasdam
1120 1102 1253 1187 (iuquit)
1273 1124 1313 1166 ex
1335 1102 1405 1187 ipse
1426 1122 1500 1166 cou-

451 1211 472 1239 “
487 1203 635 1280 sessione,
649 1204 860 1281 Athanasius,
876 1211 913 1268 ut
931 1224 1006 1267 mox
1021 1204 1234 1282 ostendemus,
1250 1204 1413 1282 adscribit,
1429 1211 1501 1269 tan·

452 1314 475 1344 “
492 1327 588 1390 quam
602 1307 645 1371 ab
660 1307 781 1372 Acacio
795 1317 829 1371 ct
842 1305 981 1370 Eusebio
995 1307 1028 1370 in
1041 1306 1199 1371 Encaeniis
1213 1307 1347 1392 prolata,
1360 1306 1499 1371 Aeacius

453 1416 473 1445 “
489 1430 564 1473 vero
583 1409 675 1495 plura
688 1410 830 1495 ejusdem
847 1410 943 1474 verba
961 1409 1092 1473 Asterie
1111 1409 1272 1474 attribuit.
1317 1409 1428 1494 Neque
1443 1409 1499 1474 ob

454 1519 476 1549 ‘⁴
491 1533 582 1576 scure
604 1512 709 1577 innuit
728 1511 884 1590 Hilarius,
899 1533 954 1576 eos
978 1510 1073 1600 ipsos,
1090 1512 1143 1598 qui
1164 1512 1292 1598 Synodo
1312 1511 1499 1586 intererant,

453 1621 472 1651 “
487 1615 631 1683 icrmnlse
646 1615 740 1701 hujus
754 1614 900 1681 extitisse
915 1614 1092 1679 auctores.”
1124 1613 1281 1700 Denique,
1293 1615 1378 1700 quod
1393 1614 1500 1700 magni

453 1719 605 1782 momenti
627 1725 688 1796 est,
710 1739 782 1785 cum
804 1725 918 1785 auctor
939 1716 991 1780 ille
1012 1717 1214 1802 Ducem
1235 1717 1273 1780 de
1296 1717 1448 1781 Trinitale
1473 1717 1502 1781 ei

456 1819 603 1904 qnaedam
616 1819 776 1884 addidisse
791 1819 968 1895 haereticos,
984 1840 1019 1883 se
1033 1842 1126 1905 posse
1144 1820 1280 1906 probare
1299 1821 1397 1896 dicet,
1414 1820 1500 1884 Dial.

454 1946 497 1986 ιιι.
524 1922 595 2008 ipso
616 1923 687 1989 init.
710 1945 856 2009 quaenanr
877 1930 985 1988 tamen
1007 1921 1138 1998 fuerint,
1163 1922 1248 1986 haud
1275 1923 1438 1999 ostendat,
1462 1944 1500 1986 eo

455 2026 560 2091 minus
583 2025 701 2090 valebit
722 2026 756 2089 in
777 2025 861 2090 illius
880 2025 1019 2111 gratiam
1041 2023 1258 2089 testimonium
1278 2024 1381 2109 ipsum
1403 2025 1501 2104 istud,

455 2129 540 2213 quod
554 2128 790 2214 corruptionem
804 2127 946 2213 opusculi
961 2126 1054 2192 simul
1067 2134 1202 2192 asserat.
1241 2126 1305 2191 Sed
1320 2148 1403 2204 vero,
1414 2127 1503 2213 quid·

455 2231 531 2317 quid
555 2231 596 2296 de
616 2231 677 2294 hae
698 2252 733 2295 re
755 2231 928 2308 statuitnr3
954 2229 1104 2316 quoniam
1125 2230 1253 2294 abunde
1274 2238 1412 2307 constat,
1437 2231 1504 2296 Lu-

455 2333 581 2397 ciarmm
605 2332 718 2417 ipsum,
742 2334 818 2396 dnm
841 2331 972 2409 viveret
997 2330 1229 2415 suspicionibus
1254 2330 1504 2397 orthodoxorum

456 2436 626 2500 obnoxium
638 2434 754 2508 fuisse3
780 2434 931 2518 (videnda
945 2441 995 2498 est
1005 2434 1090 2499 cuim
1106 2433 1191 2500 inter
1204 2433 1268 2497 alia
1283 2434 1325 2497 ad
1340 2434 1422 2499 hanc
1437 2456 1504 2500 rem

456 2536 636 2623 spectantia
649 2534 785 2622 epistola
800 2534 976 2601 Alexandri
990 2534 1130 2622 episcopi
1146 2535 1356 2600 Alexandrini
1374 2538 1416 2601 ad
1432 2559 1504 2624 cog·

456 2639 615 2703 nominem
637 2660 729 2704 suum
752 2638 1139 2724 constentiucpolitanum
1162 2640 1202 2703 de
1221 2640 1332 2703 eodem
1353 2639 1414 2704 hoc
1437 2642 1503 2704 Ln-

456 2741 556 2818 ciano,
570 2742 667 2811 velint
689 2741 789 2806 nolint
812 2741 941 2826 quidam
963 2741 1062 2818 docti,
1077 2741 1267 2825 conscripta,
1287 2763 1383 2827 quam
1403 2743 1505 2807 Theo-

457 2844 589 2910 doretus
609 2844 664 2911 lib.
681 2845 701 2909 i.
725 2845 810 2909 Hic.
831 2866 900 2930 cap.
914 2865 946 2931 3.
971 2844 1109 2909 servavit
1120 2848 1145 2927 3)
1184 2845 1322 2931 dumque
1351 2854 1507 2930 preterea

457 2947 601 3010 novimus
615 2968 699 3023 eum,
713 2968 784 3011 cum
807 2955 949 3011 mortuus
964 2953 1059 3024 esset,
1076 2947 1118 3011 ab
1134 2947 1266 3011 Arianis
1281 2948 1429 3014 certatim
1443 2949 1503 3012 sibi

458 3049 652 3114 vindicatum
664 3048 779 3122 fuissc;
797 3049 884 3113 haud
893 3048 1016 3125 dubito,
1028 3048 1103 3134 quin
1113 3050 1265 3115 nonnulla
1276 3050 1305 3114 ei
1316 3050 1400 3114 inter
1410 3050 1506 3115 disse

458 3152 590 3216 rendum
612 3152 653 3215 de
674 3151 770 3216 rebus
791 3150 905 3215 divinis
928 3151 1058 3236 prodita
1081 3166 1199 3229 essent,
1218 3175 1288 3237 quae
1303 3175 1376 3217 cum
1396 3153 1506 3238 regula

458 3255 528 3319 fidei
540 3254 671 3318 minime
685 3254 910 3318 consentirent.
956 3254 1007 3316 Ex
1025 3275 1088 3338 qua
1103 3276 1177 3318 vero
1192 3255 1350 3319 catholica
1367 3278 1506 3320 commu-

459 3357 549 3421 nione
568 3356 724 3421 excidisse
743 3359 824 3419 eum'
837 3363 978 3420 testatus
992 3363 1043 3420 est
1061 3356 1267 3421 Alexandriae
1283 3358 1458 3443 episcopus,
1475 3358 1507 3421 in

459 3456 539 3520 illam
555 3465 671 3543 postea
685 3464 848 3545 receptum
862 3456 957 3520 fuisse
974 3456 1160 3534 Luciauum,
1170 3466 1267 3542 atque
1278 3457 1311 3520 iu
1323 3458 1433 3521 eadem
1449 3458 1507 3522 im-

461 3570 617 3625 mortuum
633 3583 713 3636 esse,
729 3559 830 3624 honor
844 3560 873 3623 ei
889 3568 925 3625 ut
945 3567 1057 3624 sancto
1071 3560 1204 3644 martyri
1223 3560 1264 3624 ab
1280 3559 1426 3623 omnibus
1440 3561 1506 3630 fere

462 3663 596 3732 tributus
611 3662 692 3728 satis
707 3662 858 3729 ostendit.
