4092 5150
473 405 539 469 258
648 406 923 470 CONCILIUM
948 407 1345 472 ELIBERITANUM.

472 578 581 635 LXIX.
599 577 646 634 De
659 579 727 636 us'ris
741 582 908 659 conjugatis,
919 587 1015 654 postea
1032 582 1059 636 in
1074 582 1243 637 adulterium
1258 581 1353 655 lapsis.

472 678 567 734 LXX.
583 676 631 734 De
634 676 763 750 faniau,
779 697 841 757 quae
853 680 967 735 consuis
980 678 1087 735 maritis
1100 678 1273 736 adulterant.

472 775 580 832 LXXI.
595 773 643 830 De
656 775 863 850 stupratoribus
874 794 1036 850 puerorum.

472 871 596 928 LXXII.
611 872 657 928 De
670 873 760 929 uiduis
773 872 893 938 nioechis,
907 876 931 928 ri
945 875 1067 929 eumuna
1081 880 1177 949 postea
1191 874 1322 929 maritam
1335 870 1479 929 duxerint.

473 968 615 1026 LXXIII.
632 968 680 1026 De
693 969 875 1027 delatoribus.

472 1066 611 1125 LXXIV.
628 1065 772 1141 Desalsis
782 1065 904 1123 leuibus.

471 1163 594 1220 LXXV.
612 1163 661 1220 De
675 1162 717 1219 his
730 1166 779 1238 qui
791 1161 950 1220 sacerdotes
963 1171 1108 1228 newsum,
1123 1181 1173 1219 acc
1184 1162 1321 1240 ρνοόαοιι.

472 1258 610 1315 LXXVI.
628 1258 674 1315 De
687 1258 859 1323 diaconibus,
875 1260 924 1337 qui
937 1268 1000 1316 sate
1014 1259 1144 1317 honorem
1153 1278 1281 1337 peccasse
1292 1260 1463 1337 probantur.

474 1354 628 1411 LXXVII.
646 1354 695 1410 De
708 1354 873 1432 baptizatis,
888 1360 937 1434 qui
952 1356 1072 1413 nondum
1086 1357 1245 1432 confirmati
1257 1360 1420 1415 mudantur.

475 1451 645 1507 LXXVIII.
661 1450 848 1523 Defidelibus
862 1454 1022 1529 conjuyutis,
1037 1454 1063 1510 ai
1081 1472 1142 1510 cum
1158 1452 1261 1513 Judaea
1275 1452 1321 1511 vel
1336 1452 1446 1511 Gemitu·
1463 1472 1514 1512 πα

698 1548 852 1607 chaucrint.

476 1644 613 1702 LXXIX.
629 1645 733 1704 Deliis
747 1646 796 1725 qui
810 1646 908 1704 tabula
923 1648 1032 1705 iudicat.

472 1740 595 1797 LXXX.
612 1739 660 1798 De
674 1739 790 1798 libertis.

472 1836 612 1894 LXXXI.
628 1835 857 1912 Desemiuurum
872 1838 1006 1915 spinalis.

526 2088 594 2146 Cum
616 2088 829 2148 ⁰consedisseut
850 2089 944 2148 sancti
965 2099 992 2148 et
1013 2091 1139 2167 reliyiuai
1160 2091 1284 2170 episcopi
1306 2091 1335 2150 in
1358 2092 1475 2151 ecclesia

827 2185 1023 2256 Elibera'tuuu,
1040 2189 1090 2247 huc
1104 2197 1165 2247 est:

595 2298 621 2355 1.
643 2298 728 2357 Felix
743 2300 896 2378 episcopus
908 2298 1098 2360 PAccitanus.

596 2395 639 2453 11.
658 2395 748 2454 Osius
762 2396 914 2475 episcopus
929 2396 1135 2457 Cordubensis.

503 2555 505 2557 ,
595 2491 655 2551 ΙΙΙ.
676 2491 802 2551 Sabinus
815 2493 968 2572 episcopus
983 2493 1142 2572 Spalensis.

594 2589 652 2648 IV.
674 2589 845 2649 Camerinus
858 2591 1011 2670 spiscopus
1023 2592 1210 2652 Tuccitanus.

594 2687 635 2744 V.
654 2686 797 2764 Sanagius
811 2687 965 2766 episcopus
980 2688 1186 2768 quagrensis.

595 2782 653 2841 VI.
674 2782 859 2842 Secundinus
873 2785 1027 2865 episcopus
1041 2787 1290 2847 ‘Castulonensis

594 2879 668 2938 VII.
689 2879 824 2938 ⁸Pardus
837 2881 991 2960 episcopua
1002 2882 1203 2943 Mentesanus.

596 2975 688 3035 VIII.
710 2977 831 3036 Flavius
845 2978 998 3056 episcopus
1012 2978 1242 3040 tElibcritunus.

595 3072 652 3131 IX.
673 3073 835 3132 cantonius
849 3076 1003 3154 episcopus
1019 3077 1224 3137 ”corsicanus

595 3169 636 3228 X.
655 3170 792 3230 Liberius
806 3172 959 3250 episcopus
973 3172 1170 3232 Emeritanus.

594 3265 652 3324 XI.
672 3266 811 3327 Valerius
825 3268 978 3348 episcopus
993 3273 1276 3350 caesaraugustanus.

596 3362 672 3421 XII.
693 3363 855 3424 Decentius
869 3367 1023 3446 episcopus
1038 3367 1235 3445 Legionensis.

596 3460 690 3520 XIII.
711 3448 872 3521 M'elantius
885 3464 1039 3543 episcopus
1053 3463 1222 3524 Toletanus.

595 3558 686 3617 XIV.
706 3559 866 3619 Ianuarius
879 3561 1034 3640 episcopus
1048 3560 1084 3619 dc
1099 3572 1114 3603 ¹
1124 3563 1242 3620 Salaria.

594 3654 665 3713 XV.
686 3655 863 3715 Vincentius
876 3658 1031 3737 episcopus
1045 3657 1265 3719 Ossonobensis.

594 3751 683 3809 XVI.
703 3752 883 3824 Quintianus
897 3756 1051 3834 episcopus
1065 3755 1240 3816 Elborensis.

594 3847 702 3907 XVII.
721 3849 879 3910 Successus
892 3854 1046 3932 episcopus
1060 3852 1096 3912 de
1111 3853 1271 3914 Eliocrota.

597 3944 719 4005 XVIII.
737 3948 941 4027 Eutychianus
956 3951 1110 4029 episcopus
1124 3951 1328 4012 yBastitanus.

595 4043 682 4100 XIX.
704 4044 847 4105 Patritius
861 4047 1014 4126 episcopus
1029 4047 1234 4106 Malacitsnus.

505 4205 520 4235 ο
531 4196 564 4242 αἱ,
575 4197 750 4247 convenissem.
835 4201 894 4250 nul.
905 4202 1053 4265 Aquitsnus.
1120 4205 1175 4252 sat.
1186 4203 1343 4267 Rigas-remis.
1411 4207 1468 4256 rat,
1477 4207 1514 4257 Gt

472 4276 634 4324 trabucsnsis.
701 4281 881 4332 sannanim.
948 4287 1001 4333 tau
1014 4285 1146 4335 Flavianus
1155 4285 1312 4334 subudum.
1379 4296 1396 4327 ὓ
1408 4290 1442 4337 ul.
1450 4288 1514 4340 (huc

472 4373 520 4406 nus
531 4357 669 4407 Uiuianus.
738 4363 964 4414 xusiblaruu.
977 4366 1127 4416 sinadensis.
1195 4366 1417 4418 samositanus.
