4092 5150
536 422 588 488 IN
614 423 869 487 ANCYRANI
894 421 1110 486 CONCILII
1137 421 1364 485 CANONES.
1410 420 1468 484 141

444 593 490 657 tto
505 615 545 657 ex
560 591 711 656 codicibus
726 591 905 655 Βαάίαίατιιί
919 597 1038 675 praeter
1055 611 1151 653 unum
1167 589 1229 653 cod.
1250 608 1320 673 715.
1338 590 1474 674 positum

444 695 540 758 uveni.
602 694 797 757 Pmstitisse
836 715 961 777 quoque
996 691 1117 776 Londii
1150 694 1222 754 MS.
1248 699 1282 755 et
1310 690 1476 755 Pedalium

444 797 568 876 ξετάσαι
590 817 673 859 nune
695 796 796 858 video.
840 797 976 859 zonarae
1000 795 1257 858 θουιτιιοιιίατίιιιι
1286 798 1323 858 EI
1345 794 1379 857 δέ
1400 818 1478 859 τινες

444 925 462 963 ν
482 900 570 980 ἑορτῇ
594 901 695 978 ἐθνικῇ
718 898 970 975 συνειστιάθησαν
992 901 1119 963 ἐθνικαῖς
1138 900 1171 960 έν
1190 900 1325 963 ἀπίστοις
1345 900 1378 960 ἓν
1397 900 1477 981 τόπῳ

445 1000 629 1084 ,φυρισμένῳ
643 1007 704 1066 τοῖς
719 1003 854 1073 έθνικοῖς,
871 1001 904 1062 έν
920 1001 1059 1062 είδωλείω
1076 998 1175 1081 τυχὸν,
1192 997 1210 1076 ἢ
1233 999 1318 1083 άλλῳ
1338 1000 1419 1083 τόπῳ
1435 1001 1477 1064 εἰς

444 1105 552 1169 ελετδς
567 1104 666 1168 αὐτοῖς
680 1102 860 1181 τελουμένας
875 1100 1030 1185 άνειμένῳ,
1044 1099 1098 1184 κᾷν
1108 1106 1166 1164 ἴδια
1176 1103 1321 1182 βριάματα
1336 1103 1478 1180 ἐκόμισαν

444 1205 476 1269 οὶ
502 1205 622 1285 ἔφαγον
645 1207 674 1266 ot
696 1206 805 1273 πιστοὶ.
829 1205 864 1267 δι’
889 1205 959 1267 αὐτὸ
981 1205 1084 1283 μέντοι
1106 1208 1140 1266 τὸ
1164 1207 1393 1281 συνεστιαθῆναι
1415 1209 1477 1269 τοῖς

444 1312 566 1379 θνικοΐς,
585 1308 632 1369 καὶ
652 1309 727 1370 οὕτω
748 1307 830 1383 δόξαι
851 1306 1050 1387 συνεορτάσαι
1070 1306 1178 1381 αὐτοῖς,
1202 1305 1286 1383 ἔδοξε
1306 1310 1341 1392 τῇ
1362 1307 1476 1390 συνόδῳ

444 1410 540 1473 ιετίαν
569 1411 733 1472 ὑποπεσεῖν
762 1409 875 1480 αὐτοὺς,
906 1408 1042 1472 τουτέστι
1066 1411 1141 1486 μετὰ
1166 1414 1225 1471 τῶν
1249 1408 1477 1491 κατηχουμένων

444 1516 571 1574 ττασθαι
591 1512 639 1573 καὶ
653 1510 710 1573 σὺν
725 1511 825 1576 αὐτοῖς
840 1510 960 1588 ἐξιέναι,
977 1513 1026 1573 καὶ
1039 1513 1115 1589 μετὰ
1130 1511 1183 1588 τὴν
1200 1512 1310 1573 διετίαν
1325 1513 1475 1591 δεχθῆναι.

445 1638 506 1678 πως
520 1615 553 1676 δὲ
576 1612 633 1694 χρὴ
654 1614 782 1676 ἕκαστον
804 1613 900 1675 αὐτῶν
920 1617 1072 1694 δεχθῆναι,
1095 1616 1152 1674 εἴτε
1174 1613 1222 1675 καὶ
1243 1615 1285 1678 εἰς
1305 1611 1478 1694 μετάληψιν

444 1720 486 1778 ὂν
503 1715 707 1796 άγιιισμάτων,
721 1717 779 1778 εἴτε
792 1717 834 1781 είς
847 1717 941 1793 μάνην
957 1715 1010 1794 την
1026 1718 1101 1793 μετὰ
1116 1721 1175 1778 τῶν
1188 1720 1302 1777 πιστῶν
1318 1716 1475 1789 σύστασιν,

444 1823 486 1881 ὃν
508 1819 680 1881 ἐπισκόπων
698 1818 772 1889 ἐστὶ,
789 1818 876 1896 φασὶ,
893 1816 1060 1894 δοκιμάσαι,
1078 1817 1125 1880 καὶ
1139 1817 1193 1879 τὸν
1207 1817 1305 1879 άλλον
1321 1819 1392 1894 βίον
1408 1816 1476 1880 ἑκά·

444 1946 501 1984 του
529 1920 668 1999 ἐξετάσαι
741 1919 850 1984 Etiam
877 1920 1017 2002 pulchrae
1044 1920 1248 1984 consessionis
1275 1920 1351 1985 illud
1382 1921 1477 1985 fuisse

444 2029 555 2086 artem
574 2021 699 2105 judicat
714 2021 842 2105 culpata
857 2030 965 2085 tamen
984 2023 1026 2085 ad
1043 2022 1158 2086 festum
1179 2023 1357 2086 accessione
1371 2023 1476 2086 Lucas

444 2123 596 2198 λαὶοτιάοτ,
613 2126 697 2208 quod
717 2125 826 2209 epulas
846 2147 920 2187 suas
940 2147 1046 2188 secum
1065 2125 1243 2202 attulerint,
1260 2148 1360 2210 noque
1375 2125 1472 2189 idolo·

444 2226 531 2312 hytis
554 2228 635 2290 vesci
656 2227 821 2291 voluerint.
862 2227 930 2290 vid.
951 2231 1057 2312 Αραιί.
1079 2239 1107 2291 οι
1130 2229 1241 2292 θοιναύί.
1263 2230 1401 2303 Decreta,
1425 2231 1474 2294 ed.

444 2329 594 2414 IhIngeri,
604 2353 636 2415 p.
646 2331 699 2413 58.
738 2331 854 2393 Verum
865 2331 977 2394 dubito
993 2331 1033 2394 de
1049 2331 1168 2415 pietate
1183 2332 1383 2396 oonvIvarum
1399 2333 1475 2397 isto-

444 2454 510 2509 um,
526 2432 579 2517 qui
594 2432 677 2495 sesto
692 2432 743 2495 die
761 2433 889 2496 ethnico
906 2435 945 2496 ad
963 2433 1138 2497 convivium
1160 2435 1291 2518 profecti
1315 2435 1379 2499 sint
1400 2458 1473 2521 pru-

444 2538 541 2601 tentes
564 2545 598 2600 et
620 2537 764 2602 scientes.
814 2537 931 2602 Confer
951 2559 1023 2601 oum
1047 2539 1105 2601 hoc
1130 2560 1249 2602 canone
1270 2548 1420 2624 quartum
1442 2550 1475 2605 et

444 2638 586 2723 luintum.

817 2776 971 2841 OANON
989 2778 1087 2840 VIII.

471 2885 509 2948 P.
532 2906 600 2966 117.
618 2886 636 2949 l.
659 2889 705 2949 18.
723 2889 763 2950 01
778 2890 810 2950 δὲ
829 2890 967 2967 δεύτερον
983 2889 1031 2951 καὶ
1045 2888 1143 2967 τρίτον
1165 2888 1235 2972 ότα]
1251 2889 1414 2953 Zonaras:
1431 2889 1474 2955 ‘A

444 2990 483 3052 ιδν
498 2990 534 3051 έν
548 2995 610 3054 τοῖς
625 2991 761 3069 άνωτέρω
778 2991 902 3053 κανόσιν
918 2993 1029 3070 είρηται
1044 2992 1110 3069 περὶ
1131 2996 1189 3052 τῶν
1209 2989 1292 3069 ἅπαξ
1309 2991 1474 3067 θνσάντων,

446 3094 457 3155 I
470 3095 522 3170 τῆς
537 3093 665 3154 συνόδου
680 3095 785 3171 ταύτης
800 3092 925 3172 πατέρες
939 3091 1120 3171 διετάξαντο·
1145 3097 1198 3156 νῦν
1216 3096 1248 3156 δὲ
1269 3096 1316 3158 καὶ
1331 3097 1399 3176 περὶ
1417 3104 1475 3161 τῶν

445 3192 470 3258 ts
483 3188 501 3269 ἢ
516 3192 579 3272 τρὶς
594 3193 626 3253 εἰι
641 3192 711 3269 βίας
725 3194 890 3256 τεθυκότων
905 3194 1011 3274 φασὶν,
1029 3194 1079 3260 ote
1104 3196 1150 3256 καὶ
1173 3195 1343 3274 τετραετίαν
1363 3197 1477 3278 διάγειν

446 3296 652 3357 νύποτττάσει
673 3297 856 3369 κελεύουσιν,
873 3294 922 3358 ε’πὶ
944 3299 1054 3359 διετίαν
1074 3299 1105 3359 δὲ
1125 3297 1224 3374 ἄλλην
1242 3306 1394 3362 κοινωνεῖν
1416 3308 1478 3367 τοῖς

444 3401 555 3467 ιιοτοῖς,
571 3394 636 3473 ἤτοι
658 3398 857 3460 συνίστασθαι
879 3398 987 3470 αὐτοῖς,
1005 3399 1053 3461 καὶ
1075 3400 1275 3479 συνεύχεσθαι
1295 3401 1366 3463 ἄνευ
1386 3428 1476 3483 προσ-

444 3502 532 3578 λορᾶς,
548 3498 642 3579 ἤγουν
656 3503 706 3577 τῆς
721 3505 773 3561 τοῦ
789 3503 903 3580 ἀγαθοῦ
923 3500 1131 3582 μεταλήψεως,
1150 3503 1197 3564 καί
1220 3507 1259 3586 τῷ
1281 3505 1399 3589 ἑβδόμῳ
1418 3506 1477 3570 ἔτει

444 3602 549 3667 ελείως
579 3600 730 3684 δέχεσθαι,
761 3602 896 3666 τουτέστι
920 3605 968 3666 καὶ
991 3605 1033 3670 είς
1057 3603 1228 3685 μετάληψιν
1252 3611 1304 3668 τοῦ
1328 3608 1477 3689 άχμάντον

444 3704 564 3783 Γω’ματος
580 3706 627 3767 καὶ
642 3706 764 3783 αἵματος
778 3711 830 3768 τοῦ
847 3708 965 3786 Κυρίου.

828 3881 980 3947 OANON
1004 3882 1071 3945 IX.

473 3991 509 4053 P.
529 3994 601 4053 118.
618 3989 638 4052 I.
654 4012 685 4069 4.
707 3989 801 4057 Ὅσοι
821 3994 852 4054 δὲ
871 3992 912 4071 μὴ
931 3992 1002 4077 θια]
1023 3991 1101 4057 (Ian.
1117 3991 1235 4057 NIeaen.
1253 4017 1294 4058 ιιι.
1313 3994 1476 4059 Humum.

444 4093 593 4157 Ionam:
618 4096 656 4157 Εἰ
671 4094 703 4157 δέ
719 4120 797 4161 τινες
811 4094 846 4157 ού
860 4097 953 4173 μόνον
974 4095 1150 4173 ἀπέστησαν
1169 4099 1220 4174 τῆς
1238 4099 1279 4164 είς
1299 4098 1352 4162 τὸν
1369 4102 1478 4181 Κύριον

444 4195 564 4271 τίστεος,
581 4196 664 4257 άλλᾶ
680 4196 726 4258 καὶ
742 4195 962 4274 ἐπανέστησαν,
980 4198 1047 4260 άντὶ
1066 4202 1117 4260 τοῦ
1139 4200 1202 4261 κατ’
1222 4200 1308 4279 αὐτῆς
1328 4202 1478 4283 ἐγένοντο,

444 4299 478 4362 ἀὶ
491 4298 670 4380 ἠνάγκασαν
688 4297 836 4379 άδελφσδς
857 4298 990 4377 θῦσαι,ἢ
1013 4301 1061 4364 καὶ
1081 4303 1169 4364 αἴτιοι
1191 4302 1331 4384 ἐγένοντο
1350 4306 1479 4387 άναγκα-

444 4404 537 4480 θῆναι
553 4402 672 4475 αὐτοὺς,
685 4402 750 4464 οἶον
760 4404 912 4482 φυγόντος
923 4404 971 4466 καὶ
983 4403 1198 4484 κρυπτομένους
1209 4410 1479 4485 καταμεμηννκότες
