4092 5150
578 417 620 476 ιο
874 412 1123 490 οοιιουιια
1150 412 1327 475 socom.

576 590 653 664 Τοῦ
691 583 794 685 ἁγίου
829 583 968 686 Πέτρου
1000 582 1227 664 Ἐπισκόπου
1258 583 1537 689 Ἀλεξανδρείας
1571 586 1628 660 καὶ

997 717 1202 821 Μάρτυρος.

672 876 738 952 Ἐκ
757 882 820 952 τοῦ
836 877 918 976 περὶ
937 877 1000 970 τῆς
1019 875 1185 973 Σωτῆρος
1204 872 1304 970 ἡμῶν
1321 872 1521 970 ἐπιδημίας.

630 1029 762 1104 -Καὶ
785 1031 836 1130 τῷ
860 1024 978 1104 Ἰούδα
1003 1026 1111 1127 φησί·
1146 1021 1340 1129 ’φιλήματι
1368 1021 1431 1101 τὸν
1453 1022 1530 1101 υἱὸν
1563 1032 1626 1103 τοῦ

575 1160 765 1262 ἀνθρώπου
783 1163 1008 1263 παραδίδως;
1036 1168 1158 1256 ταῦτα,
1177 1157 1223 1239 τά
1241 1194 1278 1238 τε
1296 1159 1433 1243 τούτοις
1449 1158 1566 1257 ὅμοια,
1580 1160 1648 1246 vois

575 1330 613 1374 τε
631 1303 764 1395 σημεῖα
782 1294 903 1376 πάντα
922 1293 946 1374 ἃ
964 1295 1119 1395 ἐποίησε,
1135 1299 1192 1373 καὶ
1208 1300 1245 1373 αἱ
1264 1293 1426 1392 δυνάμεις
1445 1296 1625 1372 δεικνῦσα

575 1429 683 1508 αὐτὸν
702 1427 797 1509 Θεὸν
816 1426 903 1508 εἶναι
925 1428 1263 1531 ἕνανθρωπήσαντα.
1296 1427 1342 1507 τὰ
1365 1426 1623 1533 συναμφότερα

574 1565 693 1644 τοίνυν
711 1566 897 1644 δείκνυται·
925 1564 980 1643 ὅτι
999 1562 1092 1647 Θεὸς
1110 1561 1155 1661 ἦν
1175 1563 1294 1669 φύσει,
1314 1566 1372 1641 καὶ
1395 1562 1544 1664 γε’γονεν
1563 1564 1623 1642 ἄν-

574 1698 717 1793 θρωπος
737 1693 855 1799 φύσει.
899 1708 947 1765 nx
962 1708 1036 1766 cod.
1050 1708 1119 1766 ns.
1133 1706 1219 1765 noo.
1230 1708 1348 1766 Leontii
1362 1707 1519 1786 Byzantio
1536 1707 1586 1767 m.
1596 1709 1621 1766 1.

577 1827 685 1886 Contra
703 1829 891 1888 Nestorionos
905 1842 935 1889 et
952 1831 1158 1910 Eutychianos.
1633 1849 1667 1888 10

574 1956 674 2014 Sancti
692 1958 772 2016 Petri
789 1959 927 2038 Episcopi
941 1960 1070 2018 Alexan·
1123 1959 1168 2016 his
1179 1958 1293 2024 similia,
1304 1971 1335 2017 et
1349 1959 1432 2036 sigua
1446 1962 1544 2019 omnia
1558 1983 1622 2040 qun

679 2037 749 2095 driae
764 2051 794 2097 et
809 2040 961 2118 Martyris.
1123 2040 1202 2108 fecit,
1218 2051 1247 2096 et
1268 2040 1402 2103 virtutes.
1421 2040 1622 2101 demonstrant

1123 2139 1185 2177 esse
1198 2140 1265 2176 eum
1285 2120 1380 2177 Deum
1396 2121 1506 2178 fnctnm
1527 2123 1621 2180 homi-

1123 2219 1198 2259 nem.
1241 2200 1373 2276 Utroque
1387 2201 1487 2278 itaque
1502 2202 1623 2261 demon·

1122 2291 1260 2346 otiantur,
1289 2293 1319 2338 et
1346 2281 1424 2356 quod
1453 2292 1515 2340 erat
1541 2284 1667 2359 Deuot5

613 2353 696 2411 -Et
710 2354 798 2411 Judae
812 2355 897 2423 dixit,
910 2355 1020 2415 Osculo
1038 2357 1071 2414 fi.
1122 2372 1235 2426 notura,
1252 2372 1281 2419 et
1295 2360 1374 2437 quod
1391 2361 1449 2419 fuit
1469 2364 1559 2422 homo
1573 2385 1623 2423 οο-

573 2432 644 2489 lium
664 2434 789 2492 hominio
804 2435 914 2494 tradis?
940 2437 1022 2503 Hoec,
1041 2450 1071 2496 et
1122 2450 1195 2498 tura.

575 2158 621 2214 Ex
637 2159 756 2218 homilia
771 2160 807 2218 de
826 2161 954 2220 adventu
974 2163 1072 2221 Salvo-

729 2242 800 2299 toris
815 2245 916 2300 nostri.

955 2622 1229 2661 -..ἡ-

833 2792 885 2853 Ειι
899 2792 1010 2855 Primo
1025 2792 1062 2856 do
1076 2795 1193 2858 Animo
1210 2797 1359 2861 Sonnono.

572 2912 648 2986 Τοῦ
662 2910 766 3008 ἁγίου
782 2909 921 3012 Πέτρου
939 2912 1167 2993 Ἐπισκόπου
1190 2918 1248 2994 καὶ
1270 2914 1450 3020 μάρτυρος
1471 2926 1537 3019 τῆς
1555 2958 1621 3021 με·

824 3045 1059 3145 γαλοπόλειος
1077 3049 1362 3155 Ἀλεξανδρείας.
1635 3099 1672 3137 20

571 3204 637 3282 Ἐκ
650 3212 714 3281 τοῦ
727 3206 872 3306 πρώτου
887 3207 999 3309 λόγου
1017 3214 1099 3313 περὶ
1116 3220 1181 3289 τοῦ
1193 3211 1281 3311 μηδὲ
1295 3213 1542 3319 προϋπάρχειν
1556 3219 1624 3319 τὴν

585 3338 720 3443 ψυχὴν,
733 3342 822 3440 μηδὲ
836 3342 1103 3446 ἁμαρτήσασαν
1115 3356 1221 3426 τοῦτο
1233 3353 1281 3431 εἰς
1291 3355 1399 3448 σῶμα
1410 3357 1606 3451 βληθῆναι.

626 3481 686 3561 Τὰ
722 3489 802 3589 περὶ
833 3490 896 3584 τῆς
933 3487 1112 3589 Θεότητος
1150 3494 1209 3569 καὶ
1245 3494 1518 3595 ἀνθρωπότητος
1557 3508 1623 3579 τοῦ

571 3616 732 3720 δευτέρου
759 3621 803 3727 ἐξ
826 3624 977 3725 οὐρανοῦ
1008 3624 1197 3727 ἀνθρώπου
1227 3626 1319 3706 κατὰ
1348 3628 1412 3708 τὸν
1443 3634 1623 3737 μακοίριον

1160 3811 1306 3882 Quoniam
1331 3833 1365 3871 εο
1393 3835 1457 3891 quae
1483 3815 1520 3873 ad
1546 3818 1671 3895 Dei-25

1119 3902 1208 3950 tatem
1224 3904 1312 3969 atque
1326 3894 1536 3954 humanitatem
1553 3920 1621 3978 per·

1119 3971 1215 4029 tinent
1224 3973 1342 4031 secundi
1355 3973 1391 4032 de
1400 3974 1473 4033 ooelo
1482 3976 1621 4046 hominis,

570 4032 619 4089 Ex
636 4033 734 4092 Primo
752 4036 902 4107 Sermono‚
918 4043 996 4119 quod
1016 4066 1069 4105 nec
1119 4064 1153 4109 ut
1172 4050 1303 4129 loquitur
1329 4054 1430 4113 beatus
1457 4060 1621 4135 apostolus,

611 4117 772 4192 praeextitit
791 4120 908 4189 Anima,
924 4144 986 4189 neo,
1002 4146 1068 4184 oum
1120 4132 1244 4210 primum
1266 4134 1463 4211 apposuimus,
1479 4136 1622 4200 duximus

611 4208 766 4289 peccnsoet,
784 4213 936 4278 propterea
955 4204 983 4262 in
1003 4227 1066 4264 cor·
1119 4223 1149 4269 et
1174 4213 1304 4288 quaedom
1327 4215 1363 4273 de
1383 4216 1478 4293 primo
1501 4240 1517 4277 e
1540 4232 1622 4282 term
1633 4245 1673 4300 30

611 4294 666 4353 pus
681 4296 765 4333 missa
780 4290 832 4336 est.
1119 4302 1235 4350 terreno
1267 4295 1383 4353 homino
1411 4300 1556 4375 ponenda,
1587 4316 1622 4362 nt

571 3841 602 3899 S.
617 3842 696 3900 Petri
722 3844 860 3925 Episcopi
882 3848 1068 3909 Alexandritn

720 3937 751 3983 et
766 3926 917 4006 Martyris.

990 4411 1002 4447 t
1016 4401 1075 4451 [sun
1085 4404 1145 4452 xxii.
1156 4405 1197 4463 48.
