4092 5150
471 397 537 458 148
805 394 1183 459 ANNoTnTIONEs

472 566 686 650 interpretari,
697 565 821 630 etiamsi
830 565 1051 647 πρεσβυτέρους
1061 586 1172 629 revera
1180 564 1333 650 legerent.
1366 562 1516 629 Namhoe

473 669 588 754 posito,
601 691 664 732 non
678 679 805 733 tantum
818 668 962 752 Dionysii
980 667 1095 751 Exigui
1110 669 1405 754 Intopmtiom,
1417 669 1473 735 sed
1486 678 1518 735 et

473 771 617 834 Priscam
632 770 717 834 illam
735 772 890 834 Caesoniam
911 771 1080 835 Vereionem
1091 771 1123 835 in
1134 770 1158 833 J
1161 769 1264 835 ustelli
1274 768 1521 837 Balaam

477 873 590 937 Canon.
604 873 963 950 Vet.editam‚eanonem
973 873 1020 938 ita
1028 856 1522 959 Latinereddemotosapinopb

475 997 533 1039 non
548 975 638 1039 licere
645 973 832 1061 presbyteros
845 985 901 1041 aut
914 975 1054 1040 diaeonos
1067 976 1221 1051 ordinere,
1235 975 1290 1041 aad
1302 998 1395 1062 noque
1401 974 1523 1062 prosty-

475 1078 550 1142 terie
570 1078 714 1152 civitatis,
739 1080 853 1144 Graeea
875 1088 1015 1163 possent,
1038 1087 1135 1164 prout
1158 1076 1262 1144 solent
1285 1078 1348 1155 edi,
1369 1077 1522 1162 extitisset

477 1182 724 1260 Χωρεπισκόπους
733 1181 774 1259 μὴ
789 1181 897 1258 ἐξεῖναι
906 1179 1156 1262 πρεσβνιέρουςῆ
1166 1182 1319 1249 διακόνους
1329 1185 1523 1263 χειροτονεῖν,

478 1284 560 1347 ἀλλὰ
581 1283 654 1361 μηδὲ
678 1287 994 1347 ΠΡΕΣΒΥΤΕΡΟΥΣ
1014 1284 1139 1351 πόλεως.
1182 1282 1315 1347 Interes
1334 1282 1524 1368 interpretes

477 1382 531 1448 isti
547 1383 651 1446 minus
666 1389 752 1447 reete
768 1382 853 1447 nulia
868 1406 925 1447 eos
942 1383 1123 1468 impellente
1140 1384 1331 1450 necessitate
1343 1383 1527 1471 pmtym'a

478 1484 594 1549 Latine
608 1485 788 1549 vertebant.

523 1587 673 1652 Stabilitn
695 1596 803 1652 autem
825 1596 922 1673 atque
944 1589 1042 1673 probe
1056 1588 1121 1653 fixe
1140 1589 1274 1655 leetiooe
1294 1590 1526 1672 πρεσβυτέρους,

480 1697 703 1773 qnam-tenent
722 1712 793 1753 eum
814 1688 1006 1775 exemplaria
1021 1690 1196 1757 Bodleiano
1210 1693 1300 1771 (nam
1314 1690 1356 1754 de
1371 1689 1526 1774 seriptum

481 1795 665 1868 ἐπισκόπους,
690 1792 739 1856 vel
762 1794 942 1867 ἐπισκόποις,
967 1814 1059 1857 nemo
1081 1793 1382 1878 presbyteranarum
1402 1792 1525 1878 quidem

480 1896 619 1980 partium
644 1917 766 1958 meeum
793 1895 884 1959 facile
906 1895 1058 1978 certabit)
1083 1903 1151 1960 tum
1176 1917 1312 1960 oenones
1338 1903 1374 1961 et
1399 1894 1528 1963 monilia

481 1999 579 2072 edita,
610 2007 708 2083 atque
737 2005 1004 2062 commentatores
1028 1998 1154 2072 Graeei;
1193 1998 1342 2083 deinoeps
1372 1997 1529 2082 quomodo

484 2100 707 2165 constituenda
722 2100 764 2164 sit
779 2123 838 2163 vox
854 2099 997 2185 proxime
1012 2108 1088 2164 ante
1103 2123 1124 2164 a
1138 2122 1188 2165 me
1202 2113 1394 2178 memorata,
1406 2125 1527 2183 χωριτι-

483 2204 615 2275 σκόποις,
642 2223 702 2286 age
729 2201 798 2285 jam
827 2200 997 2265 videamus.
1055 2200 1164 2265 Verba
1194 2201 1221 2265 si
1247 2201 1320 2287 quis
1345 2201 1528 2287 inspexerit,

484 2326 545 2366 non
562 2303 685 2379 dubito,
702 2303 777 2387 quin
798 2303 827 2366 oi
846 2302 940 2367 lectio
963 2302 1069 2388 potior
1089 2306 1324 2386 χωρεπισκόποις
1343 2305 1412 2369 visa
1426 2303 1527 2378 inerit,

484 2428 580 2491 qnam
612 2405 739 2491 quidem
769 2427 828 2490 ego
863 2405 895 2468 in
924 2413 1077 2469 oontextn
1106 2406 1241 2490 reposui.
1296 2405 1391 2471 Illam
1422 2405 1528 2471 eedioa

485 2508 649 2573 Bodleiani
680 2516 835 2593 praestant
865 2528 961 2571 mones
993 2519 1112 2593 praeter
1139 2530 1235 2573 unum
1267 2508 1432 2593 signatum
1459 2527 1527 2594 205.

485 2613 672 2697 Lloydiiquo
688 2613 825 2688 rtIStnm,
846 2619 914 2676 tum
931 2633 1005 2675 vero
1027 2611 1126 2675 Codex
1145 2614 1303 2677 Cononem
1319 2612 1528 2687 Jeaeeutms

486 2717 507 2781 J
511 2738 629 2780 oannes
646 2715 865 2779 Antiochenus
880 2736 949 2777 oum
968 2715 1128 2798 impressus
1149 2723 1218 2779 tum
1240 2717 1365 2793 Mssa,
1380 2716 1530 2801 probante

487 2827 520 2883 et
548 2816 724 2892 Salmasio;
755 2817 890 2880 alteram
916 2837 989 2879 vero
1018 2819 1259 2897 χωρεπισκόπους
1283 2817 1379 2902 vulgo
1405 2825 1530 2883 tuentur

489 2920 693 2983 Caecilianam
713 2922 929 3002 (neonemque
944 2917 1026 2981 edin.
1043 2918 1267 3003 Beverogiique
1283 2918 1469 3002 Synedieen.

530 3022 554 3085 J
555 3044 608 3086 am
628 3043 711 3097 vero,
728 3021 754 3083 si
773 3019 834 3096 illa,
851 3042 922 3104 quae
940 3019 1057 3096 sanior,
1076 3019 1106 3082 ni
1126 3019 1227 3092 fallor,
1246 3019 1341 3083 lectio
1365 3029 1428 3096 est,
1443 3046 1531 3104 xeo<-

488 3125 655 3195 πισκόποις,
675 3122 852 3207 prefertur,
874 3122 949 3185 dnm
967 3122 1070 3187 altera
1085 3124 1339 3204 χωρεπισκόπους,
1354 3124 1418 3195 etsi
1437 3146 1533 3188 serve·

489 3237 552 3301 tur,
569 3247 675 3290 veram
691 3233 798 3289 tamen
813 3224 942 3287 annonis
956 3225 1149 3289 sententiam
1163 3224 1254 3288 facile
1268 3225 1424 3301 admittit,
1441 3249 1533 3291 emer·

489 3344 544 3413 get
570 3328 737 3391 verborum
762 3348 872 3390 sensus
895 3326 997 3410 ipsam
1021 3325 1252 3390 ordinationem
1276 3327 1533 3411 presbyterenam

490 3434 550 3495 hoo
566 3431 692 3516 quidem
708 3451 828 3493 annone
845 3428 996 3514 abiegnus
1015 3437 1114 3511 atque
1129 3428 1307 3493 excludens.
1354 3430 1468 3515 Neque
1481 3432 1535 3495 hoe

493 3533 732 3598 Hammondum
761 3530 843 3616 fugit
872 3531 904 3593 in
934 3530 1059 3594 Diam.
1084 3530 1127 3592 iii.
1154 3532 1270 3594 Contra
1298 3531 1439 3597 Blendel.
1463 3556 1533 3620 ee

494 3634 596 3697 Immo
609 3655 720 3717 reapse
735 3633 817 3697 hane
831 3632 932 3716 ipsam
947 3631 1076 3696 eanonis
1087 3631 1209 3706 faeiem,
1222 3630 1324 3716 qualis
1334 3654 1420 3699 nuno
1431 3631 1534 3700 leoton'

493 3762 513 3803 a
529 3761 578 3801 me
593 3736 728 3812 sistitur,
743 3735 899 3820 expressit
909 3735 978 3820 jam
993 3734 1067 3799 olim
1078 3744 1169 3798 vetus
1182 3733 1316 3800 Latinus
1329 3743 1445 3799 anetm
1457 3738 1536 3801 Rho·

494 3841 595 3904 banus
610 3837 746 3901 Maurus
766 3838 799 3900 in
816 3836 922 3899 libello
940 3858 998 3899 suo
1013 3836 1063 3899 De
1084 3835 1317 3920 Cimonem,
1329 3837 1423 3921 eujus
1437 3838 1538 3910 verba

494 3964 515 4004 a
540 3939 663 4003 nemine
681 3939 795 4011 adhue,
820 3940 905 4023 quod
929 3940 1039 4015 seiam,
1064 3937 1098 4002 in
1121 3938 1183 4002 hae
1200 3960 1295 4002 eausa
1316 3939 1472 4017 adducta,
1493 3939 1540 4008 hie

495 4044 662 4127 proferam.
707 4043 756 4104 De
787 4042 1010 4126 Chorepieoopie
1037 4052 1146 4117 anton,
1175 4040 1288 4125 inquit,
1316 4041 1351 4105 in
1377 4046 1542 4126 Aneyram

496 4144 618 4208 concilio
641 4144 687 4206 ite
705 4144 849 4227 noemmin
870 4154 929 4207 est:
954 4142 1195 4228 Choropiseopis
1215 4165 1278 4206 non
1297 4143 1394 4208 lieere
1417 4144 1539 4229 presby-

498 4254 584 4308 teros
606 4251 662 4308 aut
678 4243 827 4307 diaconos
848 4246 1005 4323 ordinare,
1022 4246 1077 4309 sed
1094 4268 1155 4308 nee·
1171 4245 1374 4332 presbyteros
1394 4245 1538 4315 civitatis

499 4346 565 4409 sine
586 4354 744 4430 praecepto
763 4348 900 4433 episcopi
921 4349 968 4412 vel
989 4348 1105 4414 litteris
1125 4349 1156 4412 in
1173 4369 1362 4432 unaquaque
1383 4347 1542 4433 parochia
