4092 5150
859 845 1126 946 INDEX

605 1082 808 1140 LIBRORUM
829 1077 1206 1142 MANUScRIPPORUM
1226 1077 1381 1133 oarlssls

865 1198 1130 1263 uulrloitlssus,

498 1389 559 1425 CUM
579 1387 684 1427 uulnus
702 1385 881 1422 FRAGMENTA
899 1384 961 1420 uc
977 1382 1078 1421 ATQUE
1095 1383 1240 1418 ornacum
1256 1385 1383 1421 cotun
1398 1386 1464 1422 widi.

859 1556 1129 1596 *-

469 1709 692 1793 Arnrcanr
708 1734 893 1813 epistotae
908 1732 1191 1811 Origenem,codex
1208 1733 1279 1790 ors
1293 1732 1324 1788 n
1339 1730 1488 1788 aracusa

553 1815 712 1874 Bodleiano
725 1827 866 1874 servatus.

798 1892 1161 1952 —--——Cod.
1173 1893 1242 1952 MS.
1253 1887 1490 1971 collegiissnri-

552 1976 653 2034 nitatis
667 1975 871 2053 cantabrigia.

718 2089 831 2100 —-·
849 2055 886 2114 ad
900 2055 1070 2121 Aristidem,
1086 2054 1158 2113 Cod.
1173 2054 1243 2113 MS.
1258 2053 1335 2112 Bibl.
1351 2051 1459 2111 coislin.

473 2135 505 2194 S.
519 2135 680 2214 Augustini
695 2137 774 2196 Libri
789 2136 826 2195 de
842 2137 1003 2216 Baptismo,
1019 2138 1089 2194 Duo
1103 2155 1192 2214 penes
1207 2155 1254 2193 me
1268 2133 1449 2193 membranei.

472 2218 624 2274 Canonum
640 2216 837 2285 Consiliorum
852 2215 919 2276 Ano
991 2228 1021 2275 et
1036 2217 1243 2282 Neocaesareae‚
1258 2228 1290 2275 et
1308 2213 1492 2272 Canonioarun

554 2298 675 2356 Patrum
691 2297 902 2374 Epistolarum,
912 2238 986 2356 dhis

555 2377 715 2436 Bodleiana
728 2378 844 2436 servati.

473 2459 584 2516 Cateua
617 2458 738 2517 Patrum
767 2460 797 2516 iu
826 2458 881 2516 SS.
909 2460 998 2517 Matt.
1025 2459 1114 2515 Lucae
1141 2457 1325 2534 Joannisque
1350 2451 1496 2532 Evarrgolia

988 2318 1036 2356 ces
1050 2297 1159 2375 Seripti
1174 2316 1279 2355 novem
1295 2296 1325 2352 in
1339 2293 1494 2352 Bibliotheca

554 2539 653 2598 Codex
669 2539 739 2597 MS.
757 2538 1000 2599 vindobonensis.

474 2619 596 2679 Codices
617 2620 710 2678 MSS.
732 2632 792 2679 tres
810 2621 840 2676 in
860 2620 1041 2679 Bibliotheca
1063 2618 1207 2677 Vaticana
1225 2619 1343 2685 servati,
1367 2617 1498 2695 inquibus

555 2699 663 2758 Melito
677 2700 806 2758 affertur.

474 2780 596 2838 Codices
620 2780 712 2837 MSS.
740 2780 929 2839 Bibliothecae
957 2780 1108 2838 Vaticanae
1133 2780 1201 2846 duo,
1227 2791 1257 2837 et
1287 2775 1497 2836 vindobonensis

555 2880 641 2926 unus,
654 2861 683 2918 in
698 2862 804 2937 quibus
820 2860 987 2937 Polycrates
1001 2861 1130 2917 affertur.

474 2941 504 2998 S.
520 2941 658 3018 Cypriani
683 2940 835 3018 Epistola,
862 2941 985 3000 Codices
1010 2941 1069 2998 duo
1094 2961 1183 3019 penes
1208 2942 1327 2998 Novum
1358 2938 1497 3015 Collegium

555 3021 674 3079 Oxorrii.
709 3022 751 3079 Et
765 3032 824 3079 tres
835 3022 901 3080 mei.

474 3101 595 3159 Eusebii
613 3101 816 3159 Ecclesiastico
832 3101 973 3170 Historia,
990 3101 1059 3158 MS.
1073 3101 1237 3159 savilianus
1251 3102 1281 3158 iu
1299 3100 1378 3158 Bibl.
1394 3097 1471 3156 Bodl.

475 3212 974 3228 ——-————·
987 3182 1055 3240 MS.
1068 3181 1281 3240 Norfolciensis
1296 3202 1391 3260 nuper
1401 3182 1430 3236 in
1441 3175 1501 3236 Mi·

554 3263 609 3320 bus
623 3263 900 3331 Somersetensibus;
922 3282 999 3319 nunc
1013 3263 1044 3319 in
1060 3263 1167 3320 Museo
1182 3262 1355 3320 Britannico
1369 3272 1491 3319 servatus

473 3373 594 3388 —-
609 3342 787 3418 Evangelica
811 3342 998 3420 Praeparatio,
1021 3343 1121 3400 Codex
1144 3342 1211 3399 MS.
1232 3341 1358 3419 Collegii
1384 3344 1412 3398 S.
1433 3340 1500 3396 Joaa·

560 3424 701 3502 Baptistae
716 3424 811 3479 Oxon.

478 3537 590 3548 —-
611 3503 789 3579 Evangelica
811 3502 1040 3568 Demonstrati0‚
1063 3502 1136 3561 Cod.
1159 3502 1229 3563 MS.
1249 3502 1438 3561 Bibliotheca
1459 3500 1501 3557 lm·

556 3582 671 3660 perialis
687 3582 932 3640 Vindobonensis.

476 3663 636 3742 Hegesippi
657 3663 838 3741 Excerptum
857 3663 926 3722 MS.
940 3664 971 3720 in
991 3662 1130 3721 Biblioth.
1147 3662 1233 3721 Bodl.
1251 3682 1375 3720 numero
1395 3663 1503 3735 142.ir·

555 3745 577 3802 si
620 3744 703 3800 itum.

474 3822 505 3880 S.
519 3764 692 3900 Hieihhymi
706 3823 795 3880 Liber
811 3824 858 3881 De
873 3824 954 3882 Viris
969 3823 1148 3882 Illustribus.
1178 3822 1279 3881 Codex
1294 3823 1364 3881 MS.
1379 3843 1465 3881 meus

475 3904 604 3961 Homilia
619 3904 665 3961 De
680 3905 709 3961 S.
722 3902 825 3960 Marioe
840 3904 1014 3971 Nativitate,
1032 3903 1075 3961 vel
1090 3905 1176 3961 Joan.
1193 3903 1385 3972 Damasceno,
1401 3903 1442 3961 rel
1457 3901 1505 3959 Aa·

557 3984 634 4041 dreae
648 3983 790 4049 Cretensi,
801 3984 847 4042 vel
862 3985 1009 4042 Germano
1025 3984 1086 4041 ΟΡ.
1102 3984 1258 4059 adscripta,
1274 3984 1305 4040 iu
1322 3983 1401 4042 Bibl.
1416 3980 1490 4040 Bodl-

475 4064 503 4119 S.
519 4062 642 4121 Macarii
664 4064 775 4121 Catena
796 4065 825 4121 in
849 4068 876 4122 S.
895 4064 1081 4130 Matthaeum,
1104 4064 1177 4123 Cod.
1200 4065 1268 4123 MS.
1291 4064 1422 4140 ejusdem
1445 4057 1506 4121 Bibl.

556 4142 642 4202 Bodl.

475 4221 588 4282 Nicetoe
604 4222 804 4301 Metropolitae
820 4221 1022 4284 Heracleensis
1037 4225 1155 4284 Catenae
1168 4226 1198 4281 iu
1215 4224 1274 4281 Job
1289 4224 1414 4283 Codices
1429 4218 1506 4281 MSS.

553 4303 682 4379 quinque
697 4304 725 4360 in
742 4304 841 4362 eadem
858 4304 1041 4364 Bibliotheca
1055 4306 1171 4364 servati.
1203 4306 1242 4361 Et
1257 4324 1335 4363 unus
1350 4325 1439 4372 meus,
1451 4301 1506 4360 olim

554 4384 821 4441 Meermaunianus.
