4092 5150
695 1420 1294 1585 ANNOTATIONES

503 1697 567 1776 IN
598 1696 933 1778 CONClLIUM
966 1688 1494 1778 PRESBYTERORUM

761 1917 969 1989 conum
998 1914 1230 1988 nomeu.
1313 1869 1315 1874 '

859 2137 1134 2175 w*

520 2320 557 2381 P.
571 2336 643 2402 243.
661 2309 685 2380 l.
698 2338 724 2380 1.
741 2318 920 2382 Oouermuu
937 2318 1006 2404 bra]
1023 2318 1119 2382 Hunc
1131 2318 1322 2382 Consessum
1333 2312 1524 2401 tanquamsi

475 2421 572 2485 luerit
593 2420 678 2483 iuter
699 2419 840 2484 concilia
861 2413 1070 2505 reponendus,
1096 2419 1221 2484 addidit
1247 2419 1360 2503 Steph.
1379 2416 1526 2482 Baluzius

461 2524 576 2590 ,Necte
604 2544 670 2586 suae
699 2522 871 2587 Colacem·
896 2522 1059 2587 Ooacilier.
1090 2521 1206 2585 notitia
1231 2521 1300 2605 ejus
1321 2542 1396 2606 pag.
1417 2521 1467 2584 16.
1489 2539 1526 2584 cx

478 2623 658 2708 Epiphanio
679 2625 858 2708 desumpta.
905 2627 995 2688 Ante
1010 2646 1085 2688 vero
1103 2622 1224 2687 Baluaii
1245 2631 1382 2686 mortem
1402 2629 1527 2686 textum

478 2727 624 2790 Graeoum
647 2725 802 2803 Homine,
820 2749 890 2810 quae
912 2735 1051 2803 vocatur,
1074 2727 1186 2790 Contra
1205 2726 1335 2788 Noctem
1359 2721 1528 2808 Hippolyti

460 2865 463 2870 ·
478 2827 634 2911 Martyris
656 2828 776 2910 primus
797 2829 897 2893 edidit
912 2829 944 2892 J.
957 2830 1035 2892 Alb.
1052 2828 1226 2901 Fabricius,
1243 2827 1297 2912 qui
1317 2827 1405 2889 illam
1425 2833 1529 2889 extre·

476 2950 562 2992 mam
584 2936 709 3012 partem
731 2951 800 2993 esse
821 2931 893 2993 libri
917 2930 1106 3016 Hippolytei
1129 2929 1273 2993 edmrsus
1294 2930 1438 2991 Haereses
1458 2947 1529 2990 oon-

478 3031 595 3095 firmat.
650 3032 695 3094 Et
725 3033 800 3115 quia
835 3031 1034 3116 Epiphanius
1062 3040 1160 3116 atque
1192 3030 1389 3114 Hippolytus
1418 3028 1529 3091 eadem

478 3136 705 3218 propemodum
728 3136 769 3197 ud
793 3134 923 3198 verbum
938 3136 978 3198 de
994 3134 1088 3199 Nocti
1109 3143 1207 3218 atque
1227 3131 1356 3196 haeresis
1375 3131 1445 3215 ejus
1459 3151 1530 3194 con-

463 3236 681 3305 „demnatione
702 3237 913 3321 protulerunt,
936 3236 1054 3301 idcirco
1078 3235 1292 3321 Epiphanium
1313 3235 1378 3298 ista
1397 3256 1439 3297 ex
1462 3234 1530 3318 ipse

480 3337 668 3422 Hippolyto,
685 3360 866 3422 quanquam
884 3337 968 3402 haud
991 3336 1168 3411 nominato,
1183 3335 1394 3419 desumpsisse
1415 3332 1531 3398 statuit

482 3437 556 3500 ibid.
573 3440 784 3522 praestantiss.
804 3438 979 3502 Fabricius.
1021 3438 1142 3501 Fateor
1156 3436 1282 3522 quidem
1299 3436 1437 3521 plurima
1457 3435 1530 3498 Oea·

471 3539 642 3620 sudationis
663 3541 862 3624 Nectiapud
889 3539 1101 3623 Hippolytum
1127 3548 1250 3614 extare,
1276 3562 1347 3622 quae
1373 3561 1433 3602 sua
1457 3538 1531 3603 secit

464 3641 698 3725 ·Epiphanius;
724 3665 794 3706 cum
815 3664 888 3705 vero
909 3641 972 3705 alia
988 3643 1134 3725 quaedam
1152 3641 1312 3706 addiderit
1334 3639 1532 3726 Epiphanius

464 3754 466 3759 ’
481 3743 737 3807 condemnationi
756 3744 819 3820 isti,
835 3766 935 3827 eaque
953 3766 993 3807 ex
1015 3745 1127 3807 eodem
1149 3754 1255 3807 vetere
1277 3751 1420 3819 auctore,
1437 3749 1474 3808 ut
1491 3741 1532 3804 ri·

481 3845 585 3916 detur,
604 3843 782 3927 desumpta,
800 3845 850 3908 cui
866 3852 974 3907 cetera
994 3845 1112 3917 debet;
1135 3844 1208 3908 hine
1224 3846 1325 3929 magis
1342 3845 1532 3926 putaverim,

480 3944 529 4006 vel
544 3953 707 4007 auctorem
723 3944 830 4020 istum,
847 3945 1025 4028 quicunque
1040 3945 1167 4009 demum
1182 3947 1209 4009 is
1224 3947 1330 4019 luerit,
1346 3968 1387 4009 ex
1407 3945 1531 4032 Hippo-

481 4045 549 4128 lyto
575 4045 725 4129 ploraque
756 4069 814 4109 sua
843 4046 1000 4122 habuisse,
1028 4047 1075 4109 vel
1101 4056 1214 4112 contra
1243 4071 1283 4112 ex
1313 4048 1377 4112 isto
1403 4057 1534 4112 auctore

484 4169 542 4210 sua
558 4146 780 4230 Hippolytum,
798 4148 851 4232 qui
868 4149 932 4212 alia
951 4171 990 4212 ex
1011 4148 1080 4232 ipso
1101 4149 1251 4213 haeretico
1271 4149 1377 4214 Nocte
1398 4149 1432 4212 iu
1455 4170 1535 4233 opus

484 4270 576 4312 suum
606 4248 756 4311 hauserit.
814 4250 903 4312 ldem
927 4258 1035 4314 tamen
1058 4259 1149 4313 vetus
1177 4260 1290 4316 auctor
1319 4251 1405 4314 haud
1433 4250 1535 4315 multo

483 4351 530 4414 vel
548 4349 705 4413 recentior
720 4351 768 4413 vel
783 4351 946 4442 antiquior
962 4352 1141 4438 Hippolyto
1156 4374 1224 4416 esse
1240 4352 1357 4437 potuit.
1435 4370 1442 4408 ·.
