4092 5150
473 410 538 480 146
737 432 739 437 ·
808 402 1189 476 ANNOTA'l'lONES

473 587 542 651 haee
556 586 693 671 epitome
708 585 740 648 in
757 583 971 649 Conciliorum
986 588 1064 647 tom.
1080 582 1123 646 iii.
1139 589 1222 667 pert.
1239 580 1260 645 i.
1273 587 1354 645 scot.
1372 600 1397 643 r.
1408 604 1439 667 p.
1453 581 1523 661 4282

475 688 552 752 edit.
578 687 882 752 Golon.an.1618.
931 685 982 748 Sic
1008 684 1106 748 etiam
1132 683 1323 768 Fulgentius
1346 681 1526 748 Feri-andus

475 789 638 854 Diaconus
672 788 954 875 Carthaginiensis,
990 787 1132 872 Dionysii
1171 786 1289 872 Exigui
1327 807 1459 872 suppar,
1495 785 1525 849 in

477 893 673 958 breviatione
702 891 880 968 Canonum,
904 891 1051 955 ultimam
1074 890 1168 974 hujus
1192 899 1318 974 partem
1345 888 1462 954 Iatine
1485 888 1527 951 sic

476 995 583 1072 vertit,
615 995 656 1058 Ut
674 992 851 1077 Presbyteri
871 994 1007 1058 σι’-σι’ίαοὶτ
1027 993 1093 1057 sins
1106 992 1196 1076 jasm
1215 993 1364 1077 Episcopi
1384 991 1468 1055 situ
1477 990 1528 1075 js·

476 1096 573 1171 οσανν,
588 1119 641 1161 τινα
662 1098 697 1160 in
718 1118 899 1182 unaquaque
915 1096 1054 1182 ρατασία
1070 1096 1196 1180 aliquid
1210 1104 1315 1181 αρσιιτ.
1338 1093 1452 1159 Concil.
1468 1096 1527 1157 Aa

477 1201 633 1285 quiritans
657 1200 729 1282 (ie.
760 1200 946 1284 Aneyrano)
971 1198 1022 1263 tit.
1042 1218 1091 1281 13.
1140 1196 1233 1261 Unde
1259 1204 1390 1261 constat
1411 1193 1527 1281 aliquid

479 1303 615 1388 amplius
638 1302 669 1365 in
689 1302 749 1366 hoc
767 1324 888 1366 canone
908 1301 983 1365 olim
1000 1301 1156 1376 extitisse,
1175 1321 1272 1385 quarn
1291 1299 1389 1364 bodie
1405 1298 1526 1382 legitur.

480 1404 592 1488 Neque
608 1404 691 1467 eninr
706 1404 856 1467 credibile
870 1411 932 1478 est,
947 1411 984 1467 ut
1002 1402 1035 1466 hi
1056 1402 1175 1487 aliquid
1193 1403 1433 1473 interserereut,
1448 1397 1528 1484 quod

480 1507 512 1570 in
528 1506 597 1589 ipso
613 1512 705 1569 textu
730 1526 793 1567 non
812 1503 971 1588 legebant.
1016 1503 1068 1566 Ex
1086 1503 1124 1566 iis
1143 1515 1250 1567 autem
1269 1524 1383 1567 sensus
1404 1501 1530 1566 canonis

481 1608 673 1673 clarissimus
688 1605 853 1680 eliciatur;
876 1613 913 1669 ut
933 1627 971 1669 so
991 1604 1138 1668 nimirum
1159 1613 1290 1668 cautum
1307 1603 1361 1678 sit,
1378 1626 1438 1670 uec
1453 1604 1528 1670 Obo-

481 1709 653 1795 repiscopis
674 1708 768 1772 licere
791 1707 1000 1791 Presbyteros
1021 1714 1077 1770 aut
1096 1707 1257 1770 Diaconos
1276 1707 1449 1782 ordinare;
1475 1727 1528 1770 nec

483 1810 683 1895 Presbyteris
698 1810 837 1874 civitatis
851 1809 971 1893 aliquid
986 1808 1019 1872 in
1031 1807 1174 1873 Ecclesia
1184 1831 1280 1894 agere
1292 1810 1361 1874 sine
1373 1816 1528 1896 praecepto

483 1906 640 1997 Episcopi.
689 1909 755 1974 Ubi
781 1909 878 1974 etiam
903 1910 1015 1975 ultimo
1042 1910 1236 1985 observetur,
1262 1932 1376 1975 omnes
1399 1910 1530 1975 Latinos

482 2017 683 2099 interpretes,
695 2035 759 2076 una
767 2034 839 2076 cum
848 2012 869 2075 J
871 2034 973 2076 oanne
984 2012 1196 2089 Antiocheno,
1207 2034 1265 2098 pro
1274 2012 1398 2077 ultimis
1407 2012 1531 2078 canorus

483 2117 587 2182 verbis
602 2119 636 2180 ἐν
652 2115 737 2199 ἑτέρα
751 2118 898 2198 παροικίᾳ
915 2114 1006 2199 longe
1021 2115 1139 2179 rectius
1153 2114 1265 2201 legisse
1288 2118 1322 2180 ἐν
1346 2116 1459 2196 ἑκάστῃ
1477 2141 1528 2180 τα-

482 2221 588 2303 potale.
616 2216 697 2279 Haec
712 2214 1017 2280 BEVEREGIUS.
1043 2218 1300 2282 Ouuveroabeo
1312 2217 1486 2282 dissideam
1495 2216 1530 2279 de

484 2325 544 2386 hoc
559 2341 692 2395 canone,
706 2319 796 2401 cujus
810 2317 938 2402 quidem
953 2327 987 2382 et
1001 2318 1161 2403 scriptura
1175 2326 1208 2384 et
1223 2319 1452 2404 interpretatio
1466 2339 1530 2383 cum

485 2420 1530 2509 presbyteralisordinationisquaestionetampropeconjunguntur,

486 2534 522 2591 ut
532 2526 572 2589 de
582 2525 620 2588 iis
628 2522 835 2609 exposuerint
847 2522 986 2588 illustres
998 2523 1168 2609 scriptores
1177 2525 1365 2604 Salmasius,
1376 2525 1530 2599 Petauius,

487 2629 720 2703 Humrnondus,
743 2626 783 2689 do
804 2627 928 2701 Manca,
944 2627 1082 2712 aliique;
1107 2628 1223 2692 idcirco
1245 2628 1385 2712 primum
1406 2629 1448 2693 de
1465 2648 1531 2692 vers

486 2731 621 2794 lectione
637 2727 766 2792 canonis
785 2728 899 2801 dicere,
916 2728 1030 2793 deinde
1046 2730 1085 2793 de
1104 2730 1245 2814 ejusdem
1259 2730 1530 2816 interpretatione,

486 2832 639 2917 pluribus,
656 2852 752 2915 quam
768 2829 914 2914 congruit
929 2829 962 2893 in
985 2853 1105 2895 morem
1129 2853 1234 2895 meum
1252 2840 1310 2895 aut
1327 2832 1531 2905 voluntatem,

487 2934 661 3019 disquirere
677 2954 804 2996 necesse
819 2932 941 3008 habeo;
964 2955 1028 3017 quo
1043 2933 1157 2997 clarius
1172 2934 1231 2997 hoc
1247 2933 1394 3012 indicem,
1410 2935 1456 2998 nil
1472 2955 1529 2999 om·

488 3038 562 3101 nino
584 3034 779 3121 patrocinari
801 3035 1010 3119 presbyterali
1032 3035 1223 3100 ordinationi
1249 3057 1406 3100 canonem
1432 3038 1529 3122 Ancy-

488 3161 608 3212 ranum,
625 3136 750 3201 etiamsi
773 3137 870 3213 absit,
891 3139 975 3221 quod
997 3138 1089 3201 nobis
1111 3138 1312 3202 commendat
1332 3139 1530 3224 Beveregius,

489 3239 923 3311 mlditunrentumLatinum3
950 3262 1007 3304 nec
1019 3241 1099 3304 bene
1110 3240 1183 3303 inde
1194 3239 1253 3303 sibi
1264 3240 1432 3327 collegisse
1442 3243 1528 3307 Blou-

489 3345 615 3418 dullum,
632 3343 922 3427 “presbyterorum
937 3344 1079 3429 collegia,
1095 3344 1233 3428 episcopi
1249 3345 1371 3429 proprii
1385 3363 1530 3409 consensu

490 3462 512 3487 ‘⁴
530 3448 664 3523 munita,
680 3468 752 3510 eum
770 3468 842 3509 vero
863 3447 1045 3531 postulante
1065 3447 1152 3511 nulla
1174 3447 1242 3531 lege
1260 3447 1380 3523 diviua,
1401 3450 1458 3513 sed
1474 3446 1531 3512 solu

492 3561 513 3588 ‘⁶
530 3548 732 3613 ecclesiarum
758 3557 890 3633 cogente
915 3549 1113 3626 necessitate,
1135 3549 1350 3612 omnimodam
1373 3550 1476 3614 ubivis
1495 3549 1531 3611 lo·

491 3661 510 3688 “
528 3674 636 3714 corum
663 3652 898 3715 ordinationum
929 3658 1123 3736 potestatem
1147 3651 1325 3715 habuisse.”
1370 3652 1463 3739 Apol.
1480 3668 1531 3737 pru

492 3757 624 3817 Senserat.
639 3755 768 3817 Hieron.
785 3762 861 3817 sect.
878 3754 920 3816 iii.
937 3755 1050 3839 p.158.

537 3856 638 3941 Vulgo
654 3856 781 3941 quidem
796 3857 840 3919 sic
856 3857 967 3920 Graece
982 3855 1097 3932 editur,
1114 3859 1363 3936 Χορεπισκόπουσ
1377 3859 1418 3938 μὴ
1433 3860 1531 3936 ἐξεῖναι

493 3960 713 4040 πρεσβυτέρους
727 3957 745 4037 ἢ
761 3962 913 4026 διακόνους
927 3964 1122 4042 χειροτονεῖν,
1139 3960 1220 4021 ἀλλὰ
1233 3961 1306 4038 μηδὲ
1322 3960 1532 4041 πρεσβυτέρους

493 4064 618 4132 πόλεως,
634 4061 724 4141 χωρὶς
745 4065 796 4121 τοῦ
813 4062 1006 4140 ἐπιτραπῆναι
1027 4061 1085 4123 ὑπὸ
1107 4065 1159 4122 τοῦ
1175 4062 1338 4126 ἐπισκόπου
1357 4067 1433 4141 μετὰ
1451 4085 1531 4144 γρομ·

493 4163 593 4240 μάτων
609 4164 642 4224 ἐν
658 4162 743 4243 ἑτέρᾳ
758 4161 1108 4246 (ο1.ἑκάστῃ)παροικία.
1141 4162 1283 4246 Dionysii
1294 4163 1414 4249 Exigui
1430 4163 1531 4233 Verria

495 4263 559 4326 sive
576 4263 674 4326 Cocles
687 4264 845 4326 Οαιιοισννι
860 4263 1004 4328 Ecclesia
1019 4266 1166 4328 Ιίοιναιια
1189 4266 1290 4341 Vetus,
1306 4265 1354 4330 ita
1374 4289 1409 4331 se
1426 4268 1530 4335 habeti

497 4365 718 4450 ΟΙιονιρίσσορὶσ
732 4385 791 4428 νον
806 4365 896 4430 licere
903 4364 1090 4451 presbyteros
1104 4376 1158 4430 aut
1172 4367 1312 4432 diaconos
1326 4370 1481 4443 ordinare,
1491 4359 1532 4432 ud
