<?xml version="1.0" encoding="UTF-8"?>
<!DOCTYPE html PUBLIC "-//W3C//DTD XHTML 1.0 Transitional//EN"
    "http://www.w3.org/TR/xhtml1/DTD/xhtml1-transitional.dtd">
<html xmlns="http://www.w3.org/1999/xhtml" xml:lang="en" lang="en">
 <head>
  <title>
</title>
<meta http-equiv="Content-Type" content="text/html;charset=utf-8" />
  <meta name='ocr-system' content='tesseract 3.04.00' />
  <meta name='ocr-capabilities' content='ocr_page ocr_carea ocr_par ocr_line ocrx_word'/>
</head>
<body>
  <div class='ocr_page' id='page_1' title='image "./reliquiaesacrae03routgoog_0472.png"; bbox 0 0 4092 5150; ppageno 0'>
   <div class='ocr_carea' id='block_1_1' title="bbox 481 401 1194 471">
    <p class='ocr_par' dir='ltr' id='par_1_1' title="bbox 481 401 1194 471">
     <span class='ocr_line' id='line_1_1' title="bbox 481 401 1194 471; baseline -0.008 -1"><span class='ocrx_word' id='word_1_1' title='bbox 481 408 542 471; x_wconf 74' lang='lat'><strong>452</strong></span> <span class='ocrx_word' id='word_1_2' title='bbox 812 401 1194 466; x_wconf 84' lang='lat' dir='ltr'>ANNOTATIONES</span> 
     </span>
    </p>
   </div>
   <div class='ocr_carea' id='block_1_2' title="bbox 474 570 1518 1983">
    <p class='ocr_par' dir='ltr' id='par_1_2' title="bbox 476 570 1514 759">
     <span class='ocr_line' id='line_1_2' title="bbox 477 570 1514 658; baseline -0.004 -18"><span class='ocrx_word' id='word_1_3' title='bbox 477 576 572 641; x_wconf 85' lang='lat' dir='ltr'><strong>latus.</strong></span> <span class='ocrx_word' id='word_1_4' title='bbox 619 572 775 637; x_wconf 87' lang='lat' dir='ltr'><strong>Attamen</strong></span> <span class='ocrx_word' id='word_1_5' title='bbox 799 571 987 658; x_wconf 71' lang='lat' dir='ltr'><strong>particulam</strong></span> <span class='ocrx_word' id='word_1_6' title='bbox 1011 592 1185 656; x_wconf 82' lang='lat' dir='ltr'><strong>agnosoere</strong></span> <span class='ocrx_word' id='word_1_7' title='bbox 1207 570 1338 635; x_wconf 72' lang='lat' dir='ltr'><strong>oodioem</strong></span> <span class='ocrx_word' id='word_1_8' title='bbox 1362 572 1514 637; x_wconf 71' lang='lat' dir='ltr'><strong>umus.</strong></span> 
     </span>
     <span class='ocr_line' id='line_1_3' title="bbox 476 674 1313 759; baseline -0.006 -19"><span class='ocrx_word' id='word_1_9' title='bbox 476 698 559 740; x_wconf 91' lang='lat' dir='ltr'><strong>nuno</strong></span> <span class='ocrx_word' id='word_1_10' title='bbox 574 674 708 752; x_wconf 81' lang='lat' dir='ltr'><strong>invenio,</strong></span> <span class='ocrx_word' id='word_1_11' title='bbox 722 675 756 737; x_wconf 91' lang='lat' dir='ltr'><strong>in</strong></span> <span class='ocrx_word' id='word_1_12' title='bbox 770 696 833 758; x_wconf 93' lang='lat' dir='ltr'><strong>quo</strong></span> <span class='ocrx_word' id='word_1_13' title='bbox 847 676 888 759; x_wconf 70' lang='grc' dir='ltr'><strong>τῷ</strong></span> <span class='ocrx_word' id='word_1_14' title='bbox 902 682 976 759; x_wconf 84' lang='lat' dir='ltr'><strong>post</strong></span> <span class='ocrx_word' id='word_1_15' title='bbox 989 675 1079 740; x_wconf 80' lang='grc' dir='ltr'>παντὶ</span> <span class='ocrx_word' id='word_1_16' title='bbox 1094 695 1192 758; x_wconf 87' lang='lat' dir='ltr'><strong>supra</strong></span> <span class='ocrx_word' id='word_1_17' title='bbox 1208 681 1313 740; x_wconf 83' lang='lat' dir='ltr'><strong>extat.</strong></span> 
     </span>
    </p>

    <p class='ocr_par' dir='ltr' id='par_1_3' title="bbox 475 771 1518 1165">
     <span class='ocr_line' id='line_1_4' title="bbox 523 771 1518 859; baseline -0.003 -18"><span class='ocrx_word' id='word_1_18' title='bbox 523 779 560 841; x_wconf 90' lang='lat' dir='ltr'><strong>P.</strong></span> <span class='ocrx_word' id='word_1_19' title='bbox 571 795 645 858; x_wconf 83' lang='lat'>442.</span> <span class='ocrx_word' id='word_1_20' title='bbox 666 775 850 854; x_wconf 75' lang='grc' dir='ltr'>1.4.πᾶο·ρς</span> <span class='ocrx_word' id='word_1_21' title='bbox 871 779 930 858; x_wconf 76' lang='grc' dir='ltr'><strong>γὰρ</strong></span> <span class='ocrx_word' id='word_1_22' title='bbox 953 775 1096 845; x_wconf 76' lang='grc' dir='ltr'>οίνέοεοίς</span> <span class='ocrx_word' id='word_1_23' title='bbox 1120 777 1206 841; x_wconf 76' lang='grc' dir='ltr'>ἐστιν</span> <span class='ocrx_word' id='word_1_24' title='bbox 1226 771 1392 858; x_wconf 75' lang='grc' dir='ltr'>ἅνότερος]</span> <span class='ocrx_word' id='word_1_25' title='bbox 1411 773 1518 859; x_wconf 67' lang='lat' dir='ltr'><strong>legere</strong></span> 
     </span>
     <span class='ocr_line' id='line_1_5' title="bbox 476 875 1518 962; baseline -0.003 -19"><span class='ocrx_word' id='word_1_26' title='bbox 476 877 670 943; x_wconf 85' lang='lat' dir='ltr'><strong>vultJunius</strong></span> <span class='ocrx_word' id='word_1_27' title='bbox 682 879 939 962; x_wconf 80' lang='grc' dir='ltr'>οίνετέτεροςρτο</span> <span class='ocrx_word' id='word_1_28' title='bbox 950 879 1177 957; x_wconf 68' lang='lat' dir='ltr'><strong>dvdreposmeo</strong></span> <span class='ocrx_word' id='word_1_29' title='bbox 1192 876 1383 941; x_wconf 82' lang='lat' dir='ltr'><strong>sineeausa.</strong></span> <span class='ocrx_word' id='word_1_30' title='bbox 1410 875 1518 940; x_wconf 89' lang='lat' dir='ltr'><strong>Dubito</strong></span> 
     </span>
     <span class='ocr_line' id='line_1_6' title="bbox 476 976 1517 1061; baseline -0.006 -15"><span class='ocrx_word' id='word_1_31' title='bbox 476 989 595 1046; x_wconf 81' lang='lat' dir='ltr'><strong>tamen.</strong></span> <span class='ocrx_word' id='word_1_32' title='bbox 641 978 817 1044; x_wconf 85' lang='lat' dir='ltr'><strong>Gemitolus</strong></span> <span class='ocrx_word' id='word_1_33' title='bbox 831 981 978 1059; x_wconf 72' lang='grc' dir='ltr'>ἀνώτερος</span> <span class='ocrx_word' id='word_1_34' title='bbox 992 978 1137 1045; x_wconf 85' lang='lat' dir='ltr'><strong>oodioum</strong></span> <span class='ocrx_word' id='word_1_35' title='bbox 1152 977 1324 1045; x_wconf 86' lang='lat' dir='ltr'><strong>lectionem</strong></span> <span class='ocrx_word' id='word_1_36' title='bbox 1339 976 1517 1061; x_wconf 72' lang='lat' dir='ltr'><strong>invenitqui</strong></span> 
     </span>
     <span class='ocr_line' id='line_1_7' title="bbox 475 1080 933 1165; baseline -0.009 -22"><span class='ocrx_word' id='word_1_37' title='bbox 475 1081 574 1145; x_wconf 84' lang='lat' dir='ltr'><strong>vertit</strong></span> <span class='ocrx_word' id='word_1_38' title='bbox 587 1081 669 1144; x_wconf 73' lang='lat' dir='ltr'><strong>onesi</strong></span> <span class='ocrx_word' id='word_1_39' title='bbox 683 1080 774 1143; x_wconf 77' lang='lat' dir='ltr'><strong>londo</strong></span> <span class='ocrx_word' id='word_1_40' title='bbox 787 1081 933 1165; x_wconf 68' lang='lat' dir='ltr'><strong>superior.</strong></span> 
     </span>
    </p>

    <p class='ocr_par' dir='ltr' id='par_1_4' title="bbox 474 1178 1516 1983">
     <span class='ocr_line' id='line_1_8' title="bbox 521 1178 1516 1265; baseline -0.001 -22"><span class='ocrx_word' id='word_1_41' title='bbox 521 1180 602 1246; x_wconf 84' lang='lat' dir='ltr'><strong>Ibid.</strong></span> <span class='ocrx_word' id='word_1_42' title='bbox 618 1181 639 1244; x_wconf 88' lang='lat' dir='ltr'><strong>l.</strong></span> <span class='ocrx_word' id='word_1_43' title='bbox 655 1202 701 1260; x_wconf 80' lang='lat'><strong>14</strong></span> <span class='ocrx_word' id='word_1_44' title='bbox 719 1183 784 1245; x_wconf 78' lang='lat' dir='ltr'><strong>ruri</strong></span> <span class='ocrx_word' id='word_1_45' title='bbox 799 1184 831 1245; x_wconf 71' lang='grc' dir='ltr'><strong>δὲ</strong></span> <span class='ocrx_word' id='word_1_46' title='bbox 847 1184 895 1246; x_wconf 69' lang='lat' dir='ltr'><strong>tot</strong></span> <span class='ocrx_word' id='word_1_47' title='bbox 909 1184 947 1246; x_wconf 78' lang='grc' dir='ltr'><strong>τὰ</strong></span> <span class='ocrx_word' id='word_1_48' title='bbox 963 1183 1094 1265; x_wconf 74' lang='grc' dir='ltr'>ἐχόμενα</span> <span class='ocrx_word' id='word_1_49' title='bbox 1109 1185 1158 1260; x_wconf 80' lang='grc' dir='ltr'><strong>τῆς</strong></span> <span class='ocrx_word' id='word_1_50' title='bbox 1174 1181 1333 1262; x_wconf 70' lang='grc' dir='ltr'>ἑρμηνείας</span> <span class='ocrx_word' id='word_1_51' title='bbox 1343 1178 1445 1264; x_wconf 74' lang='grc' dir='ltr'>ἴωμεν]</span> <span class='ocrx_word' id='word_1_52' title='bbox 1458 1204 1516 1260; x_wconf 82' lang='grc' dir='ltr'>προ·</span> 
     </span>
     <span class='ocr_line' id='line_1_9' title="bbox 476 1280 1515 1368; baseline -0.005 -21"><span class='ocrx_word' id='word_1_53' title='bbox 476 1285 600 1363; x_wconf 87' lang='grc' dir='ltr'>φητείος</span> <span class='ocrx_word' id='word_1_54' title='bbox 621 1305 680 1368; x_wconf 83' lang='grc' dir='ltr'><strong>ρτο</strong></span> <span class='ocrx_word' id='word_1_55' title='bbox 703 1285 858 1363; x_wconf 71' lang='grc' dir='ltr'>ἑρμηνείας</span> <span class='ocrx_word' id='word_1_56' title='bbox 871 1282 933 1347; x_wconf 84' lang='lat' dir='ltr'><strong>eod.</strong></span> <span class='ocrx_word' id='word_1_57' title='bbox 951 1302 1018 1367; x_wconf 84' lang='lat'>¹95·</span> <span class='ocrx_word' id='word_1_58' title='bbox 1044 1282 1128 1366; x_wconf 92' lang='lat' dir='ltr'><strong>qnod</strong></span> <span class='ocrx_word' id='word_1_59' title='bbox 1151 1289 1224 1345; x_wconf 88' lang='lat' dir='ltr'><strong>erat</strong></span> <span class='ocrx_word' id='word_1_60' title='bbox 1246 1280 1515 1365; x_wconf 73' lang='lat' dir='ltr'><strong>notandumque</strong></span> 
     </span>
     <span class='ocr_line' id='line_1_10' title="bbox 476 1382 1514 1470; baseline -0.005 -20"><span class='ocrx_word' id='word_1_61' title='bbox 476 1385 562 1450; x_wconf 84' lang='lat' dir='ltr'><strong>niam</strong></span> <span class='ocrx_word' id='word_1_62' title='bbox 578 1384 750 1470; x_wconf 81' lang='lat' dir='ltr'><strong>Dionysius</strong></span> <span class='ocrx_word' id='word_1_63' title='bbox 764 1386 945 1466; x_wconf 75' lang='grc' dir='ltr'>προφητείας</span> <span class='ocrx_word' id='word_1_64' title='bbox 959 1384 1067 1468; x_wconf 78' lang='lat' dir='ltr'><strong>potius</strong></span> <span class='ocrx_word' id='word_1_65' title='bbox 1086 1382 1277 1469; x_wconf 79' lang='lat' dir='ltr'><strong>scripsisset,</strong></span> <span class='ocrx_word' id='word_1_66' title='bbox 1292 1383 1322 1446; x_wconf 86' lang='lat' dir='ltr'><strong>si</strong></span> <span class='ocrx_word' id='word_1_67' title='bbox 1342 1383 1437 1446; x_wconf 92' lang='lat' dir='ltr'><strong>modo</strong></span> <span class='ocrx_word' id='word_1_68' title='bbox 1452 1382 1514 1446; x_wconf 84' lang='lat' dir='ltr'><strong>Dio</strong></span> 
     </span>
     <span class='ocr_line' id='line_1_11' title="bbox 476 1485 1513 1570; baseline -0.001 -20"><span class='ocrx_word' id='word_1_69' title='bbox 476 1485 557 1570; x_wconf 89' lang='lat' dir='ltr'><strong>nysii</strong></span> <span class='ocrx_word' id='word_1_70' title='bbox 572 1485 640 1550; x_wconf 80' lang='lat' dir='ltr'><strong>haeo</strong></span> <span class='ocrx_word' id='word_1_71' title='bbox 655 1494 771 1562; x_wconf 87' lang='lat' dir='ltr'><strong>essent,</strong></span> <span class='ocrx_word' id='word_1_72' title='bbox 781 1508 894 1570; x_wconf 89' lang='lat' dir='ltr'><strong>neque,</strong></span> <span class='ocrx_word' id='word_1_73' title='bbox 910 1495 947 1551; x_wconf 90' lang='lat' dir='ltr'><strong>nt</strong></span> <span class='ocrx_word' id='word_1_74' title='bbox 961 1486 1063 1570; x_wconf 79' lang='lat' dir='ltr'><strong>magio</strong></span> <span class='ocrx_word' id='word_1_75' title='bbox 1076 1487 1184 1569; x_wconf 87' lang='lat' dir='ltr'><strong>oredo,</strong></span> <span class='ocrx_word' id='word_1_76' title='bbox 1199 1486 1244 1550; x_wconf 90' lang='lat' dir='ltr'><strong>ab</strong></span> <span class='ocrx_word' id='word_1_77' title='bbox 1257 1494 1393 1551; x_wconf 87' lang='lat' dir='ltr'><strong>auotore</strong></span> <span class='ocrx_word' id='word_1_78' title='bbox 1400 1485 1513 1551; x_wconf 72' lang='lat' dir='ltr'><strong>ostem</strong></span> 
     </span>
     <span class='ocr_line' id='line_1_12' title="bbox 474 1584 1512 1672; baseline -0.004 -17"><span class='ocrx_word' id='word_1_79' title='bbox 474 1586 610 1655; x_wconf 75' lang='lat' dir='ltr'><strong>fuissent</strong></span> <span class='ocrx_word' id='word_1_80' title='bbox 639 1587 792 1671; x_wconf 84' lang='lat' dir='ltr'><strong>prosecta.</strong></span> <span class='ocrx_word' id='word_1_81' title='bbox 848 1589 997 1653; x_wconf 75' lang='lat' dir='ltr'><strong>Ueterum</strong></span> <span class='ocrx_word' id='word_1_82' title='bbox 1026 1587 1110 1653; x_wconf 88' lang='lat' dir='ltr'><strong>idem</strong></span> <span class='ocrx_word' id='word_1_83' title='bbox 1140 1589 1242 1651; x_wconf 82' lang='lat' dir='ltr'><strong>sodex</strong></span> <span class='ocrx_word' id='word_1_84' title='bbox 1271 1587 1358 1653; x_wconf 86' lang='lat' dir='ltr'><strong>hane</strong></span> <span class='ocrx_word' id='word_1_85' title='bbox 1385 1584 1512 1672; x_wconf 75' lang='lat' dir='ltr'><strong>Dionysii</strong></span> 
     </span>
     <span class='ocr_line' id='line_1_13' title="bbox 475 1689 1511 1777; baseline 0.002 -25"><span class='ocrx_word' id='word_1_86' title='bbox 475 1692 563 1772; x_wconf 81' lang='grc' dir='ltr'>ῥῆσιν</span> <span class='ocrx_word' id='word_1_87' title='bbox 585 1689 681 1774; x_wconf 91' lang='lat' dir='ltr'><strong>paulo</strong></span> <span class='ocrx_word' id='word_1_88' title='bbox 702 1689 835 1754; x_wconf 80' lang='lat' dir='ltr'><strong>ulterius</strong></span> <span class='ocrx_word' id='word_1_89' title='bbox 857 1689 1012 1766; x_wconf 82' lang='lat' dir='ltr'><strong>extendit,</strong></span> <span class='ocrx_word' id='word_1_90' title='bbox 1027 1711 1198 1776; x_wconf 85' lang='lat' dir='ltr'><strong>suppresso</strong></span> <span class='ocrx_word' id='word_1_91' title='bbox 1220 1691 1351 1756; x_wconf 91' lang='lat' dir='ltr'><strong>nomine</strong></span> <span class='ocrx_word' id='word_1_92' title='bbox 1368 1690 1511 1777; x_wconf 79' lang='lat' dir='ltr'><strong>Olympio</strong></span> 
     </span>
     <span class='ocr_line' id='line_1_14' title="bbox 475 1790 1512 1876; baseline 0.002 -22"><span class='ocrx_word' id='word_1_93' title='bbox 475 1791 555 1867; x_wconf 88' lang='lat' dir='ltr'><strong>dori,</strong></span> <span class='ocrx_word' id='word_1_94' title='bbox 586 1792 671 1875; x_wconf 92' lang='lat' dir='ltr'><strong>quod</strong></span> <span class='ocrx_word' id='word_1_95' title='bbox 700 1792 786 1876; x_wconf 89' lang='lat' dir='ltr'><strong>apud</strong></span> <span class='ocrx_word' id='word_1_96' title='bbox 815 1798 939 1855; x_wconf 86' lang='lat' dir='ltr'><strong>eeteros</strong></span> <span class='ocrx_word' id='word_1_97' title='bbox 967 1790 1066 1854; x_wconf 85' lang='lat' dir='ltr'><strong>libros</strong></span> <span class='ocrx_word' id='word_1_98' title='bbox 1095 1791 1288 1876; x_wconf 77' lang='lat' dir='ltr'><strong>expositioni</strong></span> <span class='ocrx_word' id='word_1_99' title='bbox 1324 1793 1408 1859; x_wconf 86' lang='lat' dir='ltr'><strong>hano</strong></span> <span class='ocrx_word' id='word_1_100' title='bbox 1440 1795 1512 1876; x_wconf 82' lang='grc' dir='ltr'>ρ’ἣσν</span> 
     </span>
     <span class='ocr_line' id='line_1_15' title="bbox 475 1892 1049 1983; baseline 0.012 -28"><span class='ocrx_word' id='word_1_101' title='bbox 475 1893 618 1981; x_wconf 85' lang='lat' dir='ltr'><strong>proxime</strong></span> <span class='ocrx_word' id='word_1_102' title='bbox 633 1892 778 1983; x_wconf 76' lang='lat' dir='ltr'><strong>sequenti</strong></span> <span class='ocrx_word' id='word_1_103' title='bbox 793 1894 975 1981; x_wconf 83' lang='lat' dir='ltr'><strong>adpositum</strong></span> <span class='ocrx_word' id='word_1_104' title='bbox 989 1901 1049 1963; x_wconf 77' lang='lat' dir='ltr'><strong>est.</strong></span> 
     </span>
    </p>
   </div>
   <div class='ocr_carea' id='block_1_3' title="bbox 474 2196 1515 4015">
    <p class='ocr_par' dir='ltr' id='par_1_5' title="bbox 475 2196 1515 2792">
     <span class='ocr_line' id='line_1_16' title="bbox 520 2196 1512 2284; baseline 0.002 -22"><span class='ocrx_word' id='word_1_105' title='bbox 520 2200 558 2262; x_wconf 91' lang='lat' dir='ltr'><strong>P.</strong></span> <span class='ocrx_word' id='word_1_106' title='bbox 569 2217 644 2279; x_wconf 90' lang='lat'>442.</span> <span class='ocrx_word' id='word_1_107' title='bbox 659 2198 680 2262; x_wconf 92' lang='lat' dir='ltr'><strong>l.</strong></span> <span class='ocrx_word' id='word_1_108' title='bbox 695 2200 746 2261; x_wconf 87' lang='lat'><strong>16.</strong></span> <span class='ocrx_word' id='word_1_109' title='bbox 768 2196 807 2262; x_wconf 88' lang='grc' dir='ltr'>Ὁ</span> <span class='ocrx_word' id='word_1_110' title='bbox 821 2200 879 2276; x_wconf 73' lang='grc' dir='ltr'><strong>μέν</strong></span> <span class='ocrx_word' id='word_1_111' title='bbox 893 2200 974 2265; x_wconf 89' lang='grc' dir='ltr'>Θεὸς</span> <span class='ocrx_word' id='word_1_112' title='bbox 989 2199 1060 2281; x_wconf 72' lang='lat' dir='ltr'><strong>ten]</strong></span> <span class='ocrx_word' id='word_1_113' title='bbox 1080 2199 1168 2262; x_wconf 92' lang='lat' dir='ltr'><strong>Dum</strong></span> <span class='ocrx_word' id='word_1_114' title='bbox 1188 2198 1250 2263; x_wconf 87' lang='lat' dir='ltr'><strong>hoe</strong></span> <span class='ocrx_word' id='word_1_115' title='bbox 1264 2206 1361 2264; x_wconf 87' lang='lat' dir='ltr'><strong>extat</strong></span> <span class='ocrx_word' id='word_1_116' title='bbox 1374 2199 1512 2284; x_wconf 85' lang='lat' dir='ltr'><strong>fragmen·</strong></span> 
     </span>
     <span class='ocr_line' id='line_1_17' title="bbox 476 2300 1513 2387; baseline -0.001 -21"><span class='ocrx_word' id='word_1_117' title='bbox 476 2310 545 2366; x_wconf 91' lang='lat' dir='ltr'><strong>tum</strong></span> <span class='ocrx_word' id='word_1_118' title='bbox 560 2302 593 2365; x_wconf 92' lang='lat' dir='ltr'><strong>in</strong></span> <span class='ocrx_word' id='word_1_119' title='bbox 608 2301 715 2382; x_wconf 86' lang='lat' dir='ltr'><strong>eapite</strong></span> <span class='ocrx_word' id='word_1_120' title='bbox 730 2301 802 2364; x_wconf 84' lang='lat' dir='ltr'><strong>xvii.</strong></span> <span class='ocrx_word' id='word_1_121' title='bbox 820 2302 941 2365; x_wconf 71' lang='lat' dir='ltr'><strong>datm</strong></span> <span class='ocrx_word' id='word_1_122' title='bbox 954 2322 1027 2387; x_wconf 79' lang='lat' dir='ltr'><strong>pag.</strong></span> <span class='ocrx_word' id='word_1_123' title='bbox 1040 2320 1117 2385; x_wconf 86' lang='lat'>390.</span> <span class='ocrx_word' id='word_1_124' title='bbox 1135 2300 1179 2364; x_wconf 90' lang='lat' dir='ltr'><strong>ibi</strong></span> <span class='ocrx_word' id='word_1_125' title='bbox 1194 2301 1311 2365; x_wconf 89' lang='lat' dir='ltr'><strong>titulus</strong></span> <span class='ocrx_word' id='word_1_126' title='bbox 1329 2301 1362 2364; x_wconf 90' lang='lat' dir='ltr'><strong>in</strong></span> <span class='ocrx_word' id='word_1_127' title='bbox 1377 2308 1513 2366; x_wconf 85' lang='lat' dir='ltr'><strong>oontextn</strong></span> 
     </span>
     <span class='ocr_line' id='line_1_18' title="bbox 476 2400 1515 2486; baseline 0.001 -21"><span class='ocrx_word' id='word_1_128' title='bbox 476 2403 590 2466; x_wconf 84' lang='lat' dir='ltr'><strong>Graeoo</strong></span> <span class='ocrx_word' id='word_1_129' title='bbox 604 2409 655 2465; x_wconf 86' lang='lat' dir='ltr'><strong>est</strong></span> <span class='ocrx_word' id='word_1_130' title='bbox 677 2401 863 2486; x_wconf 82' lang='lat' dir='ltr'><strong>simpliciter</strong></span> <span class='ocrx_word' id='word_1_131' title='bbox 877 2402 1048 2476; x_wconf 83' lang='grc' dir='ltr'>Διονυσίου,</span> <span class='ocrx_word' id='word_1_132' title='bbox 1064 2400 1121 2463; x_wconf 86' lang='lat' dir='ltr'><strong>sed</strong></span> <span class='ocrx_word' id='word_1_133' title='bbox 1141 2401 1174 2464; x_wconf 92' lang='lat' dir='ltr'><strong>in</strong></span> <span class='ocrx_word' id='word_1_134' title='bbox 1189 2401 1457 2486; x_wconf 76' lang='lat' dir='ltr'><strong>interpretatione</strong></span> <span class='ocrx_word' id='word_1_135' title='bbox 1469 2421 1515 2466; x_wconf 76' lang='lat' dir='ltr'><strong>suu</strong></span> 
     </span>
     <span class='ocr_line' id='line_1_19' title="bbox 477 2500 1515 2587; baseline 0.003 -22"><span class='ocrx_word' id='word_1_136' title='bbox 477 2502 598 2567; x_wconf 87' lang='lat' dir='ltr'><strong>Latina</strong></span> <span class='ocrx_word' id='word_1_137' title='bbox 623 2501 749 2566; x_wconf 90' lang='lat' dir='ltr'><strong>addidit</strong></span> <span class='ocrx_word' id='word_1_138' title='bbox 770 2523 878 2565; x_wconf 84' lang='lat' dir='ltr'><strong>vooem</strong></span> <span class='ocrx_word' id='word_1_139' title='bbox 900 2500 991 2565; x_wconf 74' lang='grc' dir='ltr'>Αίεσ.</span> <span class='ocrx_word' id='word_1_140' title='bbox 1006 2500 1030 2563; x_wconf 91' lang='lat' dir='ltr'><strong>J</strong></span> <span class='ocrx_word' id='word_1_141' title='bbox 1032 2500 1143 2578; x_wconf 89' lang='lat' dir='ltr'><strong>unius;</strong></span> <span class='ocrx_word' id='word_1_142' title='bbox 1169 2524 1240 2587; x_wconf 86' lang='lat' dir='ltr'><strong>quae</strong></span> <span class='ocrx_word' id='word_1_143' title='bbox 1263 2503 1296 2566; x_wconf 91' lang='lat' dir='ltr'><strong>in</strong></span> <span class='ocrx_word' id='word_1_144' title='bbox 1319 2502 1418 2568; x_wconf 69' lang='lat' dir='ltr'><strong>tribus</strong></span> <span class='ocrx_word' id='word_1_145' title='bbox 1437 2509 1515 2568; x_wconf 77' lang='lat' dir='ltr'><strong>extat</strong></span> 
     </span>
     <span class='ocr_line' id='line_1_20' title="bbox 475 2603 1513 2689; baseline -0.001 -20"><span class='ocrx_word' id='word_1_146' title='bbox 475 2606 657 2669; x_wconf 62' lang='lat' dir='ltr'><strong>Bodleiano</strong></span> <span class='ocrx_word' id='word_1_147' title='bbox 671 2604 829 2681; x_wconf 73' lang='lat' dir='ltr'><strong>eodioibm,</strong></span> <span class='ocrx_word' id='word_1_148' title='bbox 845 2616 879 2668; x_wconf 91' lang='lat' dir='ltr'><strong>et</strong></span> <span class='ocrx_word' id='word_1_149' title='bbox 897 2603 1057 2668; x_wconf 76' lang='lat' dir='ltr'><strong>Comitatus</strong></span> <span class='ocrx_word' id='word_1_150' title='bbox 1071 2603 1170 2668; x_wconf 84' lang='lat' dir='ltr'><strong>hebet</strong></span> <span class='ocrx_word' id='word_1_151' title='bbox 1183 2606 1315 2689; x_wconf 75' lang='lat' dir='ltr'><strong>Dionys.</strong></span> <span class='ocrx_word' id='word_1_152' title='bbox 1333 2618 1363 2672; x_wconf 78' lang='lat' dir='ltr'><strong>ot</strong></span> <span class='ocrx_word' id='word_1_153' title='bbox 1376 2604 1513 2672; x_wconf 76' lang='lat' dir='ltr'><strong>Alenond.</strong></span> 
     </span>
     <span class='ocr_line' id='line_1_21' title="bbox 477 2707 984 2792; baseline 0 -23"><span class='ocrx_word' id='word_1_154' title='bbox 477 2729 540 2790; x_wconf 82' lang='lat' dir='ltr'><strong>qua</strong></span> <span class='ocrx_word' id='word_1_155' title='bbox 554 2708 594 2770; x_wconf 85' lang='lat' dir='ltr'><strong>de</strong></span> <span class='ocrx_word' id='word_1_156' title='bbox 612 2729 646 2770; x_wconf 92' lang='lat' dir='ltr'><strong>re</strong></span> <span class='ocrx_word' id='word_1_157' title='bbox 657 2707 726 2792; x_wconf 85' lang='lat' dir='ltr'><strong>jam</strong></span> <span class='ocrx_word' id='word_1_158' title='bbox 742 2707 806 2769; x_wconf 89' lang='lat' dir='ltr'><strong>dixi</strong></span> <span class='ocrx_word' id='word_1_159' title='bbox 822 2728 896 2791; x_wconf 86' lang='lat' dir='ltr'><strong>pag.</strong></span> <span class='ocrx_word' id='word_1_160' title='bbox 910 2726 984 2789; x_wconf 84' lang='lat'><strong>450.</strong></span> 
     </span>
    </p>

    <p class='ocr_par' dir='ltr' id='par_1_6' title="bbox 477 2808 1515 3098">
     <span class='ocr_line' id='line_1_22' title="bbox 520 2808 1515 2893; baseline 0.008 -23"><span class='ocrx_word' id='word_1_161' title='bbox 520 2808 558 2871; x_wconf 88' lang='lat' dir='ltr'><strong>P.</strong></span> <span class='ocrx_word' id='word_1_162' title='bbox 570 2830 644 2892; x_wconf 82' lang='lat'>443.</span> <span class='ocrx_word' id='word_1_163' title='bbox 672 2809 691 2872; x_wconf 93' lang='lat' dir='ltr'><strong>l.</strong></span> <span class='ocrx_word' id='word_1_164' title='bbox 706 2828 736 2872; x_wconf 79' lang='lat' dir='ltr'><strong>a.</strong></span> <span class='ocrx_word' id='word_1_165' title='bbox 760 2808 820 2873; x_wconf 78' lang='grc' dir='ltr'>οὔθ’</span> <span class='ocrx_word' id='word_1_166' title='bbox 837 2812 914 2875; x_wconf 82' lang='grc' dir='ltr'>ὅλως</span> <span class='ocrx_word' id='word_1_167' title='bbox 933 2808 1116 2893; x_wconf 75' lang='grc' dir='ltr'>ὑφέστηκεν]</span> <span class='ocrx_word' id='word_1_168' title='bbox 1145 2810 1185 2871; x_wconf 93' lang='lat' dir='ltr'><strong>In</strong></span> <span class='ocrx_word' id='word_1_169' title='bbox 1210 2810 1295 2874; x_wconf 81' lang='lat' dir='ltr'><strong>edita</strong></span> <span class='ocrx_word' id='word_1_170' title='bbox 1322 2814 1515 2878; x_wconf 68' lang='lat' dir='ltr'><strong>catenatio</strong></span> 
     </span>
     <span class='ocr_line' id='line_1_23' title="bbox 477 2911 1514 3000; baseline 0.004 -26"><span class='ocrx_word' id='word_1_171' title='bbox 477 2920 568 2975; x_wconf 80' lang='lat' dir='ltr'><strong>extat</strong></span> <span class='ocrx_word' id='word_1_172' title='bbox 583 2934 642 2995; x_wconf 91' lang='lat' dir='ltr'><strong>pro</strong></span> <span class='ocrx_word' id='word_1_173' title='bbox 657 2914 746 2989; x_wconf 85' lang='grc' dir='ltr'>ὅλως,</span> <span class='ocrx_word' id='word_1_174' title='bbox 759 2911 917 2974; x_wconf 86' lang='lat' dir='ltr'><strong>renitente</strong></span> <span class='ocrx_word' id='word_1_175' title='bbox 930 2911 1095 2973; x_wconf 89' lang='lat' dir='ltr'><strong>verborum</strong></span> <span class='ocrx_word' id='word_1_176' title='bbox 1108 2913 1279 2988; x_wconf 88' lang='lat' dir='ltr'><strong>sententia,</strong></span> <span class='ocrx_word' id='word_1_177' title='bbox 1291 2915 1449 3000; x_wconf 86' lang='lat' dir='ltr'><strong>simulque</strong></span> <span class='ocrx_word' id='word_1_178' title='bbox 1462 2936 1514 2978; x_wconf 91' lang='lat' dir='ltr'><strong>on·</strong></span> 
     </span>
     <span class='ocr_line' id='line_1_24' title="bbox 479 3012 1330 3098; baseline 0.006 -22"><span class='ocrx_word' id='word_1_179' title='bbox 479 3014 572 3076; x_wconf 89' lang='lat' dir='ltr'><strong>nibus</strong></span> <span class='ocrx_word' id='word_1_180' title='bbox 587 3012 758 3090; x_wconf 88' lang='lat' dir='ltr'><strong>oodioibus,</strong></span> <span class='ocrx_word' id='word_1_181' title='bbox 775 3033 846 3075; x_wconf 86' lang='lat' dir='ltr'><strong>oum</strong></span> <span class='ocrx_word' id='word_1_182' title='bbox 861 3019 969 3075; x_wconf 84' lang='lat' dir='ltr'><strong>vetere</strong></span> <span class='ocrx_word' id='word_1_183' title='bbox 983 3012 1157 3098; x_wconf 83' lang='lat' dir='ltr'><strong>interprete</strong></span> <span class='ocrx_word' id='word_1_184' title='bbox 1174 3016 1330 3081; x_wconf 78' lang='lat' dir='ltr'><strong>Comitolo.</strong></span> 
     </span>
    </p>

    <p class='ocr_par' dir='ltr' id='par_1_7' title="bbox 474 3112 1515 4015">
     <span class='ocr_line' id='line_1_25' title="bbox 521 3112 1514 3204; baseline 0.003 -26"><span class='ocrx_word' id='word_1_185' title='bbox 521 3116 604 3178; x_wconf 88' lang='lat' dir='ltr'><strong>lbid.</strong></span> <span class='ocrx_word' id='word_1_186' title='bbox 621 3114 640 3178; x_wconf 88' lang='lat' dir='ltr'><strong>l.</strong></span> <span class='ocrx_word' id='word_1_187' title='bbox 652 3116 681 3177; x_wconf 87' lang='lat'><strong>8.</strong></span> <span class='ocrx_word' id='word_1_188' title='bbox 705 3116 1000 3194; x_wconf 79' lang='grc' dir='ltr'>ἆφονισθησόμενον,</span> <span class='ocrx_word' id='word_1_189' title='bbox 1022 3112 1136 3178; x_wconf 81' lang='grc' dir='ltr'>οὐδέπω</span> <span class='ocrx_word' id='word_1_190' title='bbox 1157 3114 1214 3195; x_wconf 86' lang='grc' dir='ltr'><strong>μέν</strong></span> <span class='ocrx_word' id='word_1_191' title='bbox 1238 3119 1319 3204; x_wconf 85' lang='grc' dir='ltr'>έστι]</span> <span class='ocrx_word' id='word_1_192' title='bbox 1343 3120 1514 3184; x_wconf 82' lang='lat' dir='ltr'><strong>Orationem</strong></span> 
     </span>
     <span class='ocr_line' id='line_1_26' title="bbox 475 3216 1512 3302; baseline 0.005 -21"><span class='ocrx_word' id='word_1_193' title='bbox 475 3224 573 3302; x_wconf 88' lang='lat' dir='ltr'><strong>auget</strong></span> <span class='ocrx_word' id='word_1_194' title='bbox 594 3216 747 3301; x_wconf 74' lang='lat' dir='ltr'><strong>ood.19‚5.</strong></span> <span class='ocrx_word' id='word_1_195' title='bbox 771 3217 827 3279; x_wconf 88' lang='lat' dir='ltr'><strong>sed</strong></span> <span class='ocrx_word' id='word_1_196' title='bbox 849 3216 1057 3294; x_wconf 85' lang='lat' dir='ltr'><strong>incommode,</strong></span> <span class='ocrx_word' id='word_1_197' title='bbox 1080 3217 1203 3301; x_wconf 87' lang='lat' dir='ltr'><strong>opinor,</strong></span> <span class='ocrx_word' id='word_1_198' title='bbox 1225 3219 1258 3281; x_wconf 93' lang='lat' dir='ltr'><strong>in</strong></span> <span class='ocrx_word' id='word_1_199' title='bbox 1281 3220 1367 3285; x_wconf 89' lang='lat' dir='ltr'><strong>huno</strong></span> <span class='ocrx_word' id='word_1_200' title='bbox 1390 3223 1512 3294; x_wconf 76' lang='lat' dir='ltr'><strong>modun,</strong></span> 
     </span>
     <span class='ocr_line' id='line_1_27' title="bbox 476 3320 1513 3401; baseline 0.002 -16"><span class='ocrx_word' id='word_1_201' title='bbox 476 3322 758 3401; x_wconf 81' lang='grc' dir='ltr'>ἇφανισθησόμενος</span> <span class='ocrx_word' id='word_1_202' title='bbox 772 3320 876 3399; x_wconf 84' lang='grc' dir='ltr'>μικρὸν</span> <span class='ocrx_word' id='word_1_203' title='bbox 890 3322 947 3398; x_wconf 71' lang='grc' dir='ltr'><strong>μὲν</strong></span> <span class='ocrx_word' id='word_1_204' title='bbox 962 3320 1096 3399; x_wconf 76' lang='grc' dir='ltr'>ἔστηκεν,</span> <span class='ocrx_word' id='word_1_205' title='bbox 1113 3320 1182 3383; x_wconf 77' lang='grc' dir='ltr'>ἀλλ’</span> <span class='ocrx_word' id='word_1_206' title='bbox 1198 3322 1315 3386; x_wconf 81' lang='grc' dir='ltr'>οὐδέπω</span> <span class='ocrx_word' id='word_1_207' title='bbox 1328 3325 1403 3388; x_wconf 81' lang='grc' dir='ltr'>ἔστι.</span> <span class='ocrx_word' id='word_1_208' title='bbox 1438 3324 1513 3389; x_wconf 70' lang='lat' dir='ltr'><strong>Oete</strong></span> 
     </span>
     <span class='ocr_line' id='line_1_28' title="bbox 476 3421 1515 3510; baseline 0.002 -25"><span class='ocrx_word' id='word_1_209' title='bbox 476 3445 558 3499; x_wconf 87' lang='lat' dir='ltr'><strong>rum,</strong></span> <span class='ocrx_word' id='word_1_210' title='bbox 579 3422 665 3486; x_wconf 91' lang='lat' dir='ltr'><strong>utin</strong></span> <span class='ocrx_word' id='word_1_211' title='bbox 688 3422 842 3505; x_wconf 83' lang='lat' dir='ltr'><strong>superiori</strong></span> <span class='ocrx_word' id='word_1_212' title='bbox 856 3421 943 3503; x_wconf 81' lang='grc' dir='ltr'>ῥήσει</span> <span class='ocrx_word' id='word_1_213' title='bbox 964 3422 1105 3487; x_wconf 85' lang='lat' dir='ltr'><strong>ostendit</strong></span> <span class='ocrx_word' id='word_1_214' title='bbox 1126 3422 1310 3506; x_wconf 84' lang='lat' dir='ltr'><strong>Dionysius,</strong></span> <span class='ocrx_word' id='word_1_215' title='bbox 1327 3424 1421 3510; x_wconf 88' lang='lat' dir='ltr'><strong>longe</strong></span> <span class='ocrx_word' id='word_1_216' title='bbox 1442 3436 1515 3490; x_wconf 75' lang='lat' dir='ltr'><strong>ante</strong></span> 
     </span>
     <span class='ocr_line' id='line_1_29' title="bbox 475 3523 1512 3609; baseline 0.001 -22"><span class='ocrx_word' id='word_1_217' title='bbox 475 3523 544 3588; x_wconf 86' lang='lat' dir='ltr'><strong>oelli</strong></span> <span class='ocrx_word' id='word_1_218' title='bbox 560 3546 579 3586; x_wconf 87' lang='lat' dir='ltr'><strong>a</strong></span> <span class='ocrx_word' id='word_1_219' title='bbox 595 3525 667 3586; x_wconf 93' lang='lat' dir='ltr'><strong>Deo</strong></span> <span class='ocrx_word' id='word_1_220' title='bbox 687 3545 725 3586; x_wconf 87' lang='lat' dir='ltr'><strong>ao</strong></span> <span class='ocrx_word' id='word_1_221' title='bbox 746 3524 1071 3607; x_wconf 59' lang='lat' dir='ltr'><strong>superadnumeretur,</strong></span> <span class='ocrx_word' id='word_1_222' title='bbox 1088 3524 1231 3609; x_wconf 87' lang='lat' dir='ltr'><strong>quamvis</strong></span> <span class='ocrx_word' id='word_1_223' title='bbox 1248 3526 1473 3591; x_wconf 86' lang='lat' dir='ltr'><strong>admittentem</strong></span> <span class='ocrx_word' id='word_1_224' title='bbox 1489 3527 1512 3588; x_wconf 93' lang='lat' dir='ltr'><strong>in</strong></span> 
     </span>
     <span class='ocr_line' id='line_1_30' title="bbox 474 3625 1512 3711; baseline 0.002 -22"><span class='ocrx_word' id='word_1_225' title='bbox 474 3626 610 3709; x_wconf 89' lang='lat' dir='ltr'><strong>seipsum</strong></span> <span class='ocrx_word' id='word_1_226' title='bbox 626 3625 822 3689; x_wconf 86' lang='lat' dir='ltr'><strong>additionem</strong></span> <span class='ocrx_word' id='word_1_227' title='bbox 837 3633 1022 3711; x_wconf 89' lang='lat' dir='ltr'><strong>perpetuam</strong></span> <span class='ocrx_word' id='word_1_228' title='bbox 1034 3652 1042 3702; x_wconf 82' lang='lat'><em>3</em></span> <span class='ocrx_word' id='word_1_229' title='bbox 1065 3627 1112 3690; x_wconf 87' lang='lat' dir='ltr'><strong>ita</strong></span> <span class='ocrx_word' id='word_1_230' title='bbox 1126 3627 1186 3690; x_wconf 92' lang='lat' dir='ltr'><strong>hoe</strong></span> <span class='ocrx_word' id='word_1_231' title='bbox 1199 3627 1271 3691; x_wconf 89' lang='lat' dir='ltr'><strong>loeo</strong></span> <span class='ocrx_word' id='word_1_232' title='bbox 1282 3631 1412 3707; x_wconf 88' lang='lat' dir='ltr'><strong>statuit,</strong></span> <span class='ocrx_word' id='word_1_233' title='bbox 1424 3631 1512 3694; x_wconf 89' lang='lat' dir='ltr'><strong>Deum</strong></span> 
     </span>
     <span class='ocr_line' id='line_1_31' title="bbox 474 3728 1512 3814; baseline 0.003 -23"><span class='ocrx_word' id='word_1_234' title='bbox 474 3728 613 3812; x_wconf 76' lang='lat' dir='ltr'><strong>temporis</strong></span> <span class='ocrx_word' id='word_1_235' title='bbox 635 3750 760 3812; x_wconf 90' lang='lat' dir='ltr'><strong>quoque</strong></span> <span class='ocrx_word' id='word_1_236' title='bbox 781 3728 898 3791; x_wconf 86' lang='lat' dir='ltr'><strong>limites</strong></span> <span class='ocrx_word' id='word_1_237' title='bbox 920 3750 1079 3812; x_wconf 86' lang='lat' dir='ltr'><strong>superare,</strong></span> <span class='ocrx_word' id='word_1_238' title='bbox 1096 3751 1153 3793; x_wconf 90' lang='lat' dir='ltr'><strong>nee</strong></span> <span class='ocrx_word' id='word_1_239' title='bbox 1176 3732 1445 3814; x_wconf 91' lang='lat' dir='ltr'><strong>quemadmodum</strong></span> <span class='ocrx_word' id='word_1_240' title='bbox 1467 3751 1512 3795; x_wconf 86' lang='lat' dir='ltr'><strong>nos</strong></span> 
     </span>
     <span class='ocr_line' id='line_1_32' title="bbox 475 3829 1511 3921; baseline 0.004 -29"><span class='ocrx_word' id='word_1_241' title='bbox 475 3829 618 3892; x_wconf 88' lang='lat' dir='ltr'><strong>homines</strong></span> <span class='ocrx_word' id='word_1_242' title='bbox 636 3830 669 3892; x_wconf 91' lang='lat' dir='ltr'><strong>in</strong></span> <span class='ocrx_word' id='word_1_243' title='bbox 688 3830 838 3911; x_wconf 79' lang='lat' dir='ltr'><strong>praesenti</strong></span> <span class='ocrx_word' id='word_1_244' title='bbox 854 3837 998 3915; x_wconf 90' lang='lat' dir='ltr'><strong>tempore</strong></span> <span class='ocrx_word' id='word_1_245' title='bbox 1019 3830 1164 3908; x_wconf 85' lang='lat' dir='ltr'><strong>existere,</strong></span> <span class='ocrx_word' id='word_1_246' title='bbox 1181 3832 1238 3896; x_wconf 89' lang='lat' dir='ltr'><strong>sed</strong></span> <span class='ocrx_word' id='word_1_247' title='bbox 1253 3832 1413 3919; x_wconf 82' lang='lat' dir='ltr'><strong>integram</strong></span> <span class='ocrx_word' id='word_1_248' title='bbox 1429 3845 1511 3921; x_wconf 88' lang='lat' dir='ltr'><strong>atque</strong></span> 
     </span>
     <span class='ocr_line' id='line_1_33' title="bbox 474 3931 1061 4015; baseline 0.005 -20"><span class='ocrx_word' id='word_1_249' title='bbox 474 3931 620 3995; x_wconf 88' lang='lat' dir='ltr'><strong>stabilem</strong></span> <span class='ocrx_word' id='word_1_250' title='bbox 636 3931 694 4015; x_wconf 87' lang='lat' dir='ltr'><strong>ipsi</strong></span> <span class='ocrx_word' id='word_1_251' title='bbox 709 3932 821 3996; x_wconf 87' lang='lat' dir='ltr'><strong>adesse</strong></span> <span class='ocrx_word' id='word_1_252' title='bbox 834 3931 1061 3999; x_wconf 88' lang='lat' dir='ltr'><strong>aeternitatem.</strong></span> 
     </span>
    </p>
   </div>
   <div class='ocr_carea' id='block_1_4' title="bbox 972 4140 1030 4204">
    <p class='ocr_par' dir='ltr' id='par_1_8' title="bbox 972 4140 1030 4204">
     <span class='ocr_line' id='line_1_34' title="bbox 972 4140 1030 4204; baseline 0.052 -3"><span class='ocrx_word' id='word_1_253' title='bbox 972 4140 1030 4204; x_wconf 88' lang='lat' dir='ltr'><strong>1v.</strong></span> 
     </span>
    </p>
   </div>
   <div class='ocr_carea' id='block_1_5' title="bbox 473 4235 1509 4427">
    <p class='ocr_par' dir='ltr' id='par_1_9' title="bbox 473 4235 1509 4427">
     <span class='ocr_line' id='line_1_35' title="bbox 519 4235 1509 4326; baseline 0.011 -31"><span class='ocrx_word' id='word_1_254' title='bbox 519 4236 556 4296; x_wconf 89' lang='lat' dir='ltr'><strong>P.</strong></span> <span class='ocrx_word' id='word_1_255' title='bbox 570 4254 644 4317; x_wconf 84' lang='lat'>443.</span> <span class='ocrx_word' id='word_1_256' title='bbox 662 4235 681 4297; x_wconf 92' lang='lat' dir='ltr'><strong>l.</strong></span> <span class='ocrx_word' id='word_1_257' title='bbox 699 4239 746 4301; x_wconf 90' lang='lat'><strong>16.</strong></span> <span class='ocrx_word' id='word_1_258' title='bbox 770 4242 834 4302; x_wconf 89' lang='grc' dir='ltr'><strong>Μίο</strong></span> <span class='ocrx_word' id='word_1_259' title='bbox 849 4244 906 4321; x_wconf 83' lang='grc' dir='ltr'><strong>γὰρ</strong></span> <span class='ocrx_word' id='word_1_260' title='bbox 921 4242 940 4319; x_wconf 77' lang='grc' dir='ltr'><em>ἡ</em></span> <span class='ocrx_word' id='word_1_261' title='bbox 958 4245 1008 4319; x_wconf 81' lang='grc' dir='ltr'><strong>τῆς</strong></span> <span class='ocrx_word' id='word_1_262' title='bbox 1023 4244 1134 4321; x_wconf 83' lang='grc' dir='ltr'>σοφίας</span> <span class='ocrx_word' id='word_1_263' title='bbox 1155 4244 1228 4326; x_wconf 71' lang='lat' dir='ltr'><strong>deo]</strong></span> <span class='ocrx_word' id='word_1_264' title='bbox 1255 4243 1382 4310; x_wconf 75' lang='lat' dir='ltr'><strong>Extant</strong></span> <span class='ocrx_word' id='word_1_265' title='bbox 1403 4246 1467 4309; x_wconf 81' lang='lat' dir='ltr'><strong>haeo</strong></span> <span class='ocrx_word' id='word_1_266' title='bbox 1484 4244 1509 4306; x_wconf 82' lang='lat' dir='ltr'><strong>in</strong></span> 
     </span>
     <span class='ocr_line' id='line_1_36' title="bbox 473 4334 1508 4427; baseline 0.008 -28"><span class='ocrx_word' id='word_1_267' title='bbox 473 4334 578 4421; x_wconf 85' lang='lat' dir='ltr'><strong>eapite</strong></span> <span class='ocrx_word' id='word_1_268' title='bbox 597 4335 659 4398; x_wconf 86' lang='lat' dir='ltr'><strong>xix.</strong></span> <span class='ocrx_word' id='word_1_269' title='bbox 686 4339 806 4404; x_wconf 70' lang='lat' dir='ltr'><strong>Cotem</strong></span> <span class='ocrx_word' id='word_1_270' title='bbox 831 4364 902 4427; x_wconf 82' lang='lat' dir='ltr'><strong>pug.</strong></span> <span class='ocrx_word' id='word_1_271' title='bbox 925 4362 998 4427; x_wconf 82' lang='lat'><strong>430.</strong></span> <span class='ocrx_word' id='word_1_272' title='bbox 1046 4343 1111 4406; x_wconf 91' lang='lat' dir='ltr'><strong>Ubi</strong></span> <span class='ocrx_word' id='word_1_273' title='bbox 1138 4352 1205 4408; x_wconf 90' lang='lat' dir='ltr'><strong>tam</strong></span> <span class='ocrx_word' id='word_1_274' title='bbox 1233 4345 1313 4410; x_wconf 90' lang='lat' dir='ltr'><strong>liber</strong></span> <span class='ocrx_word' id='word_1_275' title='bbox 1340 4349 1392 4413; x_wconf 90' lang='lat' dir='ltr'><strong>ille</strong></span> <span class='ocrx_word' id='word_1_276' title='bbox 1420 4348 1508 4412; x_wconf 85' lang='lat' dir='ltr'><strong>editus</strong></span> 
     </span>
    </p>
   </div>
   <div class='ocr_carea' id='block_1_6' title="bbox 0 0 2050 5150">
    <p class='ocr_par' dir='ltr' id='par_1_10' title="bbox 0 0 2050 5150">
     <span class='ocr_line' id='line_1_37' title="bbox 0 0 2050 5150; baseline 0 2"><span class='ocrx_word' id='word_1_277' title='bbox 0 0 2050 5150; x_wconf 95' lang='lat' dir='ltr'><strong> </strong></span> 
     </span>
    </p>
   </div>
  </div>
 </body>
</html>
