4092 5150
473 414 539 477 224
560 411 795 477 JUSTELLI
821 410 885 475 ET
904 409 1169 476 BEVEREGII
1195 408 1475 477 tunnam.

471 585 642 665 pandente,
659 593 771 643 manent
784 593 878 643 uatem
892 588 942 664 qui
954 587 1111 643 diuinarum
1122 604 1217 644 rerum
1228 593 1350 664 aspectu
1361 595 1389 644 et
1402 607 1512 645 nonna·

473 684 555 743 aione
578 682 659 761 digai
683 690 759 741 sunt.
785 681 856 740 ibid.
897 682 927 740 E
951 682 1059 759 quibus
1082 701 1141 740 non
1163 682 1254 741 modo
1277 681 1446 762 colligimus
1466 685 1515 744 tria

472 781 621 839 bominum
649 800 765 859 geom,
790 799 858 838 oum
882 780 1020 859 mysteria
1043 778 1181 839 oelebreri
1205 778 1363 860 ooepsrirrt,
1388 783 1515 843 mrtbeot

473 878 665 937 exterminata
686 897 757 945 esse,
781 878 1013 944 catechumenos,
1035 888 1307 956 energumenorum
1327 880 1516 958 poenitentes,

474 996 573 1034 verum
593 976 692 1045 etiam,
706 995 766 1054 quo
784 975 886 1034 ordine
901 974 1135 1053 egrediebantur,
1149 976 1244 1055 primo
1261 975 1377 1036 seilicet
1390 978 1517 1037 ostarbu-

472 1073 560 1141 meni,
575 1072 681 1131 deinde
697 1073 895 1150 energumeni,
908 1083 940 1131 et
958 1071 1063 1131 ultimo
1082 1073 1268 1153 poenitmtes,
1277 1074 1435 1137 atoodem
1449 1074 1518 1133 band

474 1170 562 1230 dubie
580 1170 683 1230 ordine
701 1170 933 1248 egrediebantur,
948 1190 1007 1248 qno
1019 1170 1152 1230 oollooati
1171 1183 1252 1238 sont,
1267 1171 1371 1250 itaque
1390 1173 1516 1232 oeteebu·

474 1268 552 1326 meni
567 1269 659 1347 portis
673 1268 808 1347 proximi,
823 1279 911 1346 atque
925 1268 992 1328 ideo
1010 1269 1096 1348 primi
1110 1271 1217 1347 egressui
1235 1278 1317 1337 aaut,
1335 1290 1410 1348 quos
1424 1291 1517 1351 aeque·

473 1366 581 1424 bantur
600 1365 798 1443 energumeni,
812 1377 843 1424 et
863 1367 917 1424 hos
937 1367 1123 1445 penitentes,
1139 1378 1172 1425 ut
1190 1389 1207 1426 ι
1228 1369 1324 1448 portis
1343 1373 1517 1430 remotiores

475 1465 534 1523 Ubi
554 1465 645 1542 igitur
665 1463 802 1542 Synodus
821 1464 978 1543 Aneyrana
995 1463 1125 1543 leprms
1139 1465 1215 1524 inter
1228 1471 1434 1540 χειμαζομένους
1446 1489 1519 1528 orare

470 1561 566 1637 jubet,
582 1581 631 1619 eos
645 1560 675 1618 in
694 1560 789 1618 medio
808 1560 953 1619 narthecia
969 1561 1047 1620 inter
1065 1563 1241 1641 prenitentes
1254 1575 1286 1622 st
1299 1566 1519 1625 mahumenos

474 1659 605 1718 collocat.
647 1658 707 1716 Hic
717 1657 793 1717 enim
808 1658 890 1716 locus
902 1663 958 1718 τοῖς
970 1664 1163 1732 χειμαζομένοις
1176 1661 1238 1719 sive
1248 1663 1447 1738 ιἠργουμὲνοις
1459 1685 1519 1743 pro·

474 1758 555 1836 prius
575 1756 653 1826 fuit;
675 1768 706 1815 et
727 1756 834 1815 ideireo
855 1757 891 1814 iis
911 1777 928 1814 a
949 1757 1033 1815 nobis
1052 1758 1082 1815 in
1098 1758 1313 1839 ichnographia
1331 1760 1519 1830 adscribitur3

473 1873 594 1931 eumque
607 1858 705 1910 στάσιν
718 1861 770 1910 τῶν
782 1858 972 1927 χειμαζομένων
984 1855 1083 1933 potius
1097 1875 1183 1933 quum
1197 1861 1251 1913 reis
1267 1860 1462 1933 tospyooptm
1473 1879 1519 1916 vo·

474 1971 590 2022 camus;
614 1951 749 2028 quoniam
764 1951 845 2009 nulls
857 1953 892 2009 fit
905 1953 935 2009 in
950 1953 1006 2009 boo
1016 1972 1113 2030 opere,
1124 1963 1267 2030 quantum
1278 1956 1412 2022 memini,
1424 1957 1520 2017 borum

475 2050 506 2107 in
521 2049 641 2108 ecclesia
654 2049 788 2108 stationis
805 2050 925 2115 mentio,
940 2061 1131 2129 preterquam
1144 2051 1177 2108 in
1194 2049 1275 2111 dioto
1285 2053 1413 2113 Canone
1428 2055 1521 2133 Aney-

474 2168 556 2216 ram,
570 2167 629 2225 quo
641 2153 820 2220 χειμαζόμενοι
833 2146 1036 2226 appellentur3
1059 2148 1108 2205 nbi
1122 2149 1235 2207 etiamsi
1249 2168 1308 2207 non
1324 2148 1436 2210 diserte
1449 2172 1522 2211 oont-

475 2255 661 2312 memoretur‚
678 2256 778 2324 aperte
792 2257 888 2304 tamen
903 2245 1076 2322 indigitetur
1090 2258 1173 2306 extra
1187 2245 1339 2306 maenam
1356 2251 1474 2330 proprie
1485 2269 1523 2308 ιο

475 2341 582 2401 dictum
596 2362 668 2411 esse,
681 2341 809 2420 alioquin
824 2343 901 2401 enim
920 2341 1001 2401 nulla
1013 2342 1119 2402 fuisset
1137 2362 1222 2422 poeua
1241 2345 1288 2403 ibi
1297 2347 1482 2416 commorari,
1494 2357 1523 2405 st

475 2442 601 2520 preoari:
624 2462 748 2519 quanam
762 2453 859 2499 eutem
878 2441 1022 2500 nortbeois
1040 2452 1122 2519 perte
1134 2440 1205 2510 fuit,
1219 2460 1237 2500 a
1251 2462 1341 2522 supra
1356 2444 1446 2504 dietis
1458 2465 1520 2503 oon·

475 2551 543 2599 stat.
566 2540 738 2599 Barantea.
754 2539 789 2597 ad
804 2540 877 2599 Can.
890 2557 935 2597 nr.
951 2538 1064 2599 Coneil.
1074 2538 1187 2598 Niersn.

853 2718 1004 2776 CANON
1027 2717 1149 2776 XVIII.

520 2832 553 2890 P.
576 2852 643 2907 1²4·
665 2833 685 2891 l.
704 2835 733 2891 6.
755 2835 959 2908 πριαβνοέριον]
987 2834 1204 2913 Presbyterium
1229 2834 1278 2893 hio
1307 2836 1452 2915 accipitur
1474 2857 1524 2915 pro

477 2951 612 2990 consessu
627 2933 871 3012 presbyterorum,
886 2932 933 2989 oui
954 2943 1075 3010 praeerat
1092 2932 1261 3010 episeopus:
1283 2932 1327 2990 sio
1341 2933 1372 2989 in
1388 2934 1485 3013 Epist„
1502 2954 1523 2991 ι.

477 3028 514 3086 ad
529 3029 659 3087 Timoth.
675 3050 739 3107 cup.
751 3030 788 3086 iv.
810 3047 854 3102 14.
870 3031 904 3098 μὴ
918 3030 1008 3099 ἀμέλει
1021 3033 1069 3085 τοῦ
1083 3031 1111 3085 s'u
1124 3031 1169 3084 eoi
1182 3030 1355 3102 χαρίσματος,
1367 3030 1383 3085 b
1396 3034 1473 3103 tates
1483 3055 1523 3087 σοι

477 3132 519 3186 διὰ
536 3129 697 3201 προφητεῖαι
717 3132 782 3200 μετὰ
806 3131 947 3186 ἐπιθέσεως
968 3136 1020 3184 τῶν
1042 3135 1136 3202 χειρῶν
1158 3132 1207 3184 τοῦ
1232 3133 1438 3204 npsofiwspioo.
1480 3131 1525 3189 Ne

478 3228 613 3306 negligite
631 3230 731 3283 donum
750 3228 825 3305 quod
843 3228 872 3284 ia
888 3234 979 3291 teest,
995 3226 1180 3304 presidatum
1198 3236 1240 3285 est
1261 3227 1313 3285 tibi
1330 3249 1386 3306 per
1401 3229 1524 3308 proptre-

477 3326 546 3383 tiam
567 3344 629 3383 eam
652 3325 824 3399 impositione
845 3345 978 3382 araneum
996 3324 1180 3403 presbyterii.
1223 3325 1358 3402 Ignotins
1379 3328 1411 3385 in
1430 3327 1525 3404 Epist.

476 3422 513 3480 ad
528 3422 742 3480 Antiochenses
760 3422 868 3480 salutat
887 3425 918 3479 τὸ
938 3423 1013 3495 ἅγιον
1033 3427 1231 3496 πρισβοτίριαν,
1246 3433 1277 3480 et
1298 3427 1368 3496 ἱερὸν
1387 3425 1523 3495 σύστημα

477 3530 507 3577 et
521 3519 551 3577 in
568 3519 666 3596 Epist.
681 3519 718 3577 nd
733 3519 896 3577 Trallianos
910 3519 981 3595 qnid
1000 3520 1039 3577 ait
1053 3520 1263 3599 presbyterium
1280 3520 1391 3579 indicat
1407 3523 1450 3578 bis
1465 3541 1524 3580 ver·

477 3616 538 3673 bis:
561 3615 589 3672 ri
609 3619 637 3672 δὲ
658 3618 848 3690 πρεσβυτέριόν
869 3619 952 3672 ἐστιν·
972 3617 1042 3672 ἀλλὰ
1060 3617 1075 3686 ἢ
1092 3616 1215 3687 σύστημα
1234 3620 1303 3690 ἱερὸν
1321 3619 1473 3688 συμβούλω
1488 3622 1525 3675 soi

477 3715 644 3785 συνεδριιααὶ
658 3718 705 3768 τοῦ
720 3715 882 3778 ἐπισκόπους
908 3714 985 3778 Quid
998 3734 1063 3772 vero
1078 3721 1119 3771 est
1135 3715 1352 3792 presbyterium,
1367 3715 1426 3772 nisi
1441 3724 1525 3774 emtus

476 3831 560 3868 sacer
578 3810 738 3868 comitiarii
756 3820 781 3868 et
797 3831 971 3870 consessores
991 3810 1115 3890 episcopi
1125 3812 1141 3866 9
1161 3810 1315 3869 Cornelius
1329 3812 1525 3870 urbisRomae

476 3907 630 3987 episeopus
652 3908 730 3983 apud
744 3909 921 3987 Cyprianum
937 3909 988 3967 lib.
999 3908 1042 3966 iii.
1058 3909 1143 3988 epist.
1158 3926 1204 3965 11.
1229 3908 1315 3967 Omni
1326 3919 1406 3979 actu,
1421 3910 1524 3987 inquit,

476 4005 516 4061 ad
531 4026 573 4061 me
584 4007 697 4083 perlato
708 4006 820 4084 placuit
839 4006 971 4064 contrabi
987 4006 1200 4084 presbyterium.
1239 4005 1313 4064 Pius
1328 4006 1352 4063 1.
1368 4006 1404 4063 P.
1421 4004 1458 4063 R.
1472 4007 1525 4063 boa

476 4123 582 4160 nomen
603 4104 708 4162 Latine
726 4104 901 4183 exprimens,
922 4108 1062 4165 Senatum
1083 4104 1168 4173 dixit,
1184 4104 1213 4161 in
1236 4105 1331 4181 Epist.
1346 4105 1384 4163 ad
1405 4106 1524 4164 Justum

479 4198 674 4259 Viennensem
687 4201 854 4279 episcopum
866 4213 937 4261 tom.
949 4203 967 4260 i.
980 4202 1091 4261 Concil.
1104 4202 1219 4260 Salutat
1233 4209 1269 4268 te,
1279 4201 1386 4279 inquit,
1404 4203 1525 4260 Senatus

475 4314 589 4372 pauper
600 4298 704 4355 Christi
714 4302 793 4376 apud
803 4300 921 4357 Romam
933 4300 1117 4359 constitutus:
1131 4314 1161 4357 et
1173 4298 1372 4377 [lieronymus
1383 4299 1480 4378 Epist.
1490 4297 1524 4355 ad

479 4390 864 4461 Rusticum,Eeetesiahabet
872 4397 1017 4464 Senatum,
1028 4395 1524 4474 catampresbyterowmausrasn.
