4092 5150
472 415 540 476 Μ
701 413 734 474 S.
760 409 1004 475 Pnnffnlnl
1028 411 1293 476 MARTYRIS

473 580 1513 666 ejnnctimorisindirinirdogmsuisnscsscdsberetqnod

474 691 559 754 tanti
572 712 683 753 scmus
699 691 757 765 sir,
770 700 805 754 st
823 699 925 754 tante
944 691 1134 775 prndontiae,
1148 712 1223 755 cum
1242 693 1357 777 utiquo
1375 691 1516 777 magister

474 812 558 865 esset
582 800 743 875 {3on
758 810 791 864 et
811 809 906 865 tants
925 802 969 864 ab
989 802 1132 866 oodicts
1152 803 1381 879 scn’bcrcntur‚
1396 823 1458 866 non
1472 807 1515 866 sst

474 931 572 972 susus
593 909 627 972 id
648 908 709 971 ani
729 908 932 971 auctoritatis
951 929 1125 984 assumere,
1147 916 1186 973 ut
1207 908 1339 994 proprio
1360 909 1403 973 dc
1422 909 1516 973 anima

474 1016 591 1079 librum
604 1017 713 1079 ederet
733 1016 897 1100 seriptum.
942 1017 1156 1080 Procnldubio
1172 1017 1242 1082 haec
1262 1019 1445 1083 observatio
1457 1018 1515 1102 ojus

475 1128 553 1191 illud
574 1129 703 1202 indicat,
718 1128 803 1212 qnod
818 1127 896 1190 nihil
916 1128 1058 1192 audebat
1069 1129 1110 1192 do
1129 1129 1191 1192 huo
1211 1151 1248 1192 rs
1267 1130 1438 1194 manifesto
1450 1130 1514 1212 dog·

474 1250 562 1303 mate
575 1240 772 1303 confirmare.
816 1238 962 1322 Denique
980 1239 1014 1301 in
1027 1260 1067 1301 oo
1084 1238 1167 1303 libro
1182 1261 1280 1324 quom
1300 1241 1334 1304 in
1352 1239 1512 1325 Epistolnn

476 1349 627 1433 Apostoli
647 1350 691 1412 ud
712 1348 821 1412 Titum
842 1348 964 1424 scribit,
984 1348 1168 1412 haersticum
1192 1350 1390 1428 describens,
1409 1357 1440 1414 et
1457 1347 1511 1413 ani·

476 1480 538 1520 rnae
551 1457 670 1522 ficiem
684 1458 887 1534 mentionem,
902 1458 972 1522 hoo
984 1458 1074 1522 dicit.

669 1670 844 1754 Responsio
858 1671 901 1735 sd
916 1677 1062 1735 octavam
1076 1671 1342 1735 criminationem.

878 1828 1031 1893 CAPUT
1054 1828 1119 1893 IX.

907 1956 956 2019 Dc
968 1955 1086 2018 anima.

519 2085 684 2147 Onrcrsrs.
708 2085 789 2146 Sunt
804 2081 1186 2145 rero-istroducsntoa

520 2191 713 2255 Psnrurnrs.
736 2192 860 2255 Deinde
873 2199 947 2277 post
961 2212 1064 2276 pauca
1077 2189 1135 2254 ait.

518 2303 687 2365 Osrcrsns.
703 2302 766 2365 Sed
777 2301 1042 2365 ae--r‘adm

519 2413 713 2475 Puruurs.
737 2411 820 2475 Haeo
842 2411 969 2495 quidem
990 2410 1057 2494 ipsc
1078 2409 1111 2472 in
1126 2431 1165 2472 eo
1187 2408 1301 2473 *libro
1317 2429 1409 2492 quern
1426 2424 1501 2490 snpra

475 2522 622 2600 diximus,
637 2522 757 2587 scribit.
803 2521 871 2586 Nos
885 2543 959 2586 voro
973 2520 1023 2585 his
1037 2518 1240 2606 adjungimus
1256 2518 1356 2583 etiam
1375 2517 1433 2583 ista
1446 2532 1501 2599 qus

476 2632 567 2694 nobis
589 2632 658 2715 ipsa
678 2632 815 2716 aequitas
839 2630 965 2694 ridetur
986 2650 1165 2714 exposcere.
1211 2628 1246 2691 Si
1269 2626 1432 2691 manifesto
1453 2623 1500 2687 Eo·

476 2742 571 2806 clesia
586 2743 729 2806 traderet
744 2743 792 2806 rol
811 2743 999 2827 praedicarot
1018 2742 1178 2805 contraria
1193 2740 1243 2803 his
1259 2762 1330 2825 quae
1348 2738 1398 2802 ille
1413 2735 1501 2809 sensit,

478 2853 545 2915 sinc
571 2853 667 2916 dubio
692 2853 778 2916 velut
806 2853 984 2916 contrarius
1015 2859 1049 2916 ct
1074 2851 1225 2915 resistens
1256 2850 1390 2914 statutis
1418 2846 1502 2911 Eccle·

477 2963 612 3027 siasticis
634 2964 748 3027 merito
770 2963 958 3048 culparetur.
1004 2962 1097 3025 Nunc
1112 2983 1186 3024 vcro
1202 2982 1275 3023 cum
1296 2960 1455 3023 diversitas
1472 2952 1502 3017 sit

476 3073 562 3156 apud
584 3094 693 3136 omnes
709 3072 957 3146 Ecclesiasticos,
973 3080 1007 3135 et
1029 3072 1082 3135 alii
1103 3071 1165 3135 alia
1185 3071 1225 3133 dc
1245 3071 1355 3133 anima
1375 3067 1501 3134 sentiant

477 3192 511 3245 st
532 3204 642 3245 omnes
656 3182 799 3253 diversa;
824 3182 982 3266 quomodo
1004 3180 1056 3244 hic
1075 3181 1175 3265 magis
1194 3201 1291 3262 quarn
1314 3178 1421 3242 caetori
1436 3174 1501 3236 incu-

477 3292 595 3355 sandus
618 3301 679 3367 cst,
702 3291 839 3353 maximo
861 3312 932 3353 cum
956 3312 995 3353 ea
1020 3312 1090 3373 quae
1117 3311 1137 3351 a
1161 3289 1291 3372 reliquis
1317 3288 1500 3354 affirmantur,

478 3400 579 3463 multo
594 3400 695 3484 magis
710 3408 743 3463 ct
757 3400 897 3463 absurda
911 3399 1088 3472 videantur,
1106 3408 1138 3463 ct
1153 3399 1213 3462 sibi
1228 3400 1299 3484 ipsa
1315 3394 1480 3461 contraria!

522 3512 658 3592 Quidam
680 3510 764 3574 enim
786 3510 958 3594 opinantur
979 3509 1167 3593 praeparatis
1185 3509 1255 3592 jam
1277 3508 1310 3570 iu
1324 3514 1431 3571 ventre
1450 3520 1501 3565 nu·

478 3621 589 3683 lienum
614 3619 862 3702 desormatisque
884 3619 1080 3704 corporibus,
1102 3627 1178 3682 tunc
1200 3618 1242 3681 ad
1265 3639 1405 3701 praessns
1425 3603 1501 3678 cressi

477 3731 610 3806 animas,
626 3738 660 3795 ct
682 3731 777 3794 inseri
799 3730 977 3793 deformato
995 3729 1064 3813 jam
1086 3728 1220 3812 corpori.
1267 3711 1350 3790 Hice
1366 3745 1437 3789 vero
1452 3736 1501 3782 sen·

477 3843 605 3917 tientes,
621 3848 738 3926 praetcr
753 3841 812 3903 hoc
827 3840 911 3924 quod
930 3840 1115 3903 manifestas
1130 3838 1337 3922 probationes
1352 3860 1392 3900 ex
1410 3824 1500 3897 saucit

480 3951 652 4036 Scripturis
666 3951 816 4014 adhibere
837 3971 900 4012 non
915 3958 1058 4035 possunt,
1076 3949 1204 4030 insuper
1219 3948 1317 4011 etiarn
1341 3939 1498 4030 injustitiam

479 4061 709 4144 quodammodo
719 4059 902 4125 conditoris
912 4067 1073 4136 accusant,
1087 4059 1172 4143 quod
1188 4081 1251 4121 non
1266 4057 1426 4142 aequaliter
1439 4052 1496 4132 [ont

478 4193 533 4233 nes
558 4173 718 4254 utantur,]
747 4171 779 4233 id
806 4177 866 4247 est,
893 4192 1001 4254 aequas
1027 4171 1100 4233 vitae
1124 4169 1380 4233 conversationes
1403 4155 1496 4228 tribuat

675 4384 688 4410 ¹
705 4384 746 4445 (ln
758 4383 864 4444 Aposwli
874 4382 1007 4444 Epistolsrn
1020 4383 1051 4428 ad
1064 4381 1158 4439 Titum,
1170 4380 1219 4426 vid.
1230 4379 1323 4441 supra.)
