4092 5150
768 1112 813 1214 S.
858 1111 1228 1213 PHILEAS.

861 1366 1129 1403 *—

576 1564 614 1635 S.
633 1564 898 1649 maxumus,
916 1562 992 1635 Lib.
1010 1561 1068 1635 De
1094 1563 1189 1635 Viris
1205 1561 1417 1649 Illustribus,

806 1713 880 1782 oap.
899 1689 1033 1759 lxxviii.
1053 1713 1085 1781 p.
1100 1687 1182 1767 169.

477 1810 721 1927 PHILEAS
738 1858 782 1926 de
806 1855 894 1926 urbe
920 1854 1075 1949 AEgypti
1101 1879 1181 1947 quae
1205 1865 1351 1928 vocatur
1369 1857 1520 1928 “Thmu-

474 1980 510 2060 ia,
537 1975 670 2048 ''nobili
698 2001 837 2072 genere,
867 1989 905 2049 et
939 2000 1010 2048 non
1045 1978 1160 2070 parvis
1190 1979 1324 2072 opibus,
1355 1991 1519 2073 suscepto

474 2103 687 2193 episcopatu,
722 2100 1040 2195 celegantissimum
1074 2100 1203 2171 librum
1238 2103 1281 2172 de
1318 2102 1517 2197 Martyrum

474 2223 576 2295 laude
606 2225 824 2316 composuit:
862 2234 899 2293 ot
929 2219 1187 2316 “disputatione
1212 2233 1371 2296 aetorum
1398 2226 1519 2299 habita

473 2350 656 2418 adversum
677 2349 846 2439 judicem,
872 2348 933 2439 qui
953 2369 1036 2418 eum
1062 2347 1256 2418 sacrificare
1278 2349 1437 2443 cogebat,
1455 2373 1518 2443 pro

473 2471 613 2542 Christo
642 2472 758 2562 capite
781 2480 985 2552 truncatum
1028 2471 1173 2540 ⁰eodem
1197 2472 1235 2540 in
1260 2472 1415 2566 AEgypto
1441 2495 1518 2565 por-

473 2596 660 2666 seentionis
675 2603 828 2677 auctore,
846 2618 916 2686 quo
935 2594 1112 2665 Lucienus
1127 2594 1356 2668 Nicomedia.

510 2827 526 2859 ⁸
548 2815 648 2875 Hodie
663 2815 806 2874 Damiata.
828 2816 894 2874 vide
907 2815 971 2875 Jac.
987 2816 1106 2875 Golium
1130 2817 1166 2875 ad
1188 2816 1380 2894 Alfraganum
1403 2839 1431 2897 p.
1448 2818 1516 2879 292.

476 2921 611 2999 Ejusdem
628 2923 707 2981 urbia
717 2923 827 2981 mentio
840 2922 915 2982 infra
928 2944 953 2981 c.
968 2924 1016 2984 99.
1034 2924 1220 2983 Faaarorua.

508 3025 525 3069 b
547 3027 656 3086 Euseb.
675 3028 734 3085 viii.
753 3030 781 3087 9.
823 3033 916 3087 Φιλίας
935 3053 965 3084 re
985 3035 1032 3099 τῆς
1052 3035 1188 3100 θμαυῖτῶν
1208 3032 1344 3101 ἐκκλησίας
1365 3030 1516 3098 ἐπίσκοπος,

474 3136 615 3207 διαπρέψας
628 3136 691 3209 ἀνὴρ
705 3139 760 3193 ταῖς
773 3138 837 3191 κατὰ
846 3137 893 3205 τὴν
905 3135 1017 3210 πατρίδα
1031 3138 1173 3194 πολιτείαις
1193 3160 1222 3191 re
1240 3140 1281 3193 καί
1293 3139 1476 3211 λειτουργίαις,
1490 3140 1518 3193 ἔν

474 3263 498 3294 τι
511 3245 565 3298 τοῖς
578 3244 641 3296 κατὰ
655 3241 822 3313 φιλοσοφίαν
835 3245 934 3315 lisois.
957 3241 1145 3300 Fanniorus.

509 3356 521 3387 θ
544 3345 617 3403 rrae
630 3356 675 3403 est
698 3344 831 3422 Epistola
846 3345 955 3404 Phileae
976 3345 1012 3404 ad
1027 3345 1182 3404 Thmnitas
1201 3365 1237 3403 ex
1259 3366 1316 3422 qua
1337 3344 1464 3424 amplum
1487 3357 1517 3404 et

474 3450 580 3528 insigne
594 3448 790 3525 fragmentum
806 3451 931 3509 servavit
946 3450 1093 3510 Eusebius
1108 3451 1168 3509 viii.
1185 3453 1230 3509 10.
1254 3451 1440 3509 Panarorus.

507 3553 578 3618 <¹111
603 3556 685 3613 Actis
706 3555 852 3614 Passionis
877 3554 985 3613 Phileae
1010 3575 1116 3634 preses
1139 3555 1186 3613 hic
1211 3555 1318 3614 dicitur
1345 3555 1515 3615 Culcianus.

475 3662 540 3722 ruit
562 3675 659 3722 autem
674 3663 831 3721 Culoianus
852 3682 956 3742 praeses
977 3662 1144 3728 Thebaidis,
1161 3672 1194 3719 ut
1215 3661 1300 3721 dooet
1320 3662 1515 3740 Epiphanius.

475 3767 595 3829 Proinde
611 3768 728 3828 Phileas
743 3789 843 3848 possus
857 3780 901 3828 est
915 3770 946 3826 in
966 3768 1125 3834 Thebaide,
1140 3789 1198 3826 non
1217 3778 1312 3826 antem
1327 3766 1516 3833 Alexandria,

474 3886 503 3931 ut
515 3874 631 3951 quidam
652 3884 766 3952 putant.
809 3873 893 3945 Quos
907 3875 937 3932 in
956 3894 1082 3932 errorem
1104 3872 1221 3931 induxit
1241 3870 1363 3931 Eusebii
1383 3869 1464 3928 loeus
1481 3891 1516 3929 ex

476 3999 531 4058 oap.
551 3983 597 4039 10.
613 3980 664 4038 ubi
694 3978 803 4038 Philea
824 3980 947 4058 epistola
968 3980 1103 4045 refertur,
1126 3998 1211 4056 quam
1236 3976 1284 4035 ille
1306 3976 1342 4035 ad
1364 3975 1518 4036 Thmuitas

472 4086 578 4164 scripsit
591 4084 776 4153 Alexandria,
791 4084 878 4163 paulo
893 4097 961 4144 ante
974 4105 1095 4163 agonem
1110 4082 1240 4162 martyrii
1255 4082 1309 4139 sui.
1340 4080 1464 4148 Verum,
1478 4093 1513 4140 ut

471 4186 534 4257 diri,
550 4189 711 4248 Culoianus
725 4210 830 4268 prasos
841 4189 1008 4257 Thebaidis,
1024 4210 1041 4247 a
1055 4208 1113 4265 qno
1127 4187 1280 4245 damnatus
1295 4196 1349 4252 est,
1361 4184 1517 4249 manifesto

473 4296 559 4373 arguit
590 4293 674 4353 illum
702 4295 732 4351 in
757 4294 906 4361 Thebaide
933 4314 1050 4373 passum
1075 4292 1174 4352 fuisse.
1218 4292 1355 4350 Ceterum
1381 4299 1445 4348 aeta
1468 4288 1519 4347 illa
