4092 5150
534 1064 825 1131 ANTIOOHENI
847 1066 1147 1144 PRESBYTERL
1169 1067 1226 1131 ΕΤ
1250 1068 1498 1146 Mammas,

494 1247 561 1307 QUI
580 1247 793 1303 VERGENTE
810 1249 864 1302 AD
883 1249 1005 1304 FINEM
1026 1248 1188 1305 SAECULO
1206 1249 1347 1305 TERTIO
1367 1250 1542 1317 FLORUl'l',

884 1419 1156 1504 RELIQUIAE

906 1637 1133 1666 -—--‘-·‘

470 1807 487 1864 ⁵
738 1798 863 1880 Eafiee
877 1800 1301 1885 masmanna.

497 1930 814 2030 ΑΣΠΑΖΕΤΑΙ
840 1954 931 2048 ὑμᾶς
958 1951 1067 2056 χόρος·
1093 1949 1188 2035 ἅπας
1220 1952 1309 2049 ὅμου
1336 1951 1538 2054 μαρτύρων.

499 2072 785 2178 Εὖαγγελίῷμαι
802 2073 840 2152 δὲ
859 2078 959 2173 ὑμᾶς,
974 2080 1022 2158 ὡς
1035 2072 1211 2173 Ἀνθιμος
1230 2079 1250 2154 ὁ
1273 2074 1397 2159 odeas
1413 2080 1465 2181 τῷ
1479 2084 1543 2154 τοῦ

498 2200 693 2306 μαριυρῖου
726 2197 847 2306 δρόμῳ
878 2199 1078 2301 ἐτελειώθη.
1139 2229 1206 2287 Hoo
1233 2238 1315 2286 extat
1343 2228 1372 2284 in
1404 2227 1545 2286 Chronico

502 2326 639 2387 Panniculi
651 2345 703 2384 seu
719 2325 926 2392 Alexandrino,
941 2348 970 2406 p.
983 2326 1054 2394 277.
1065 2325 1111 2386 ed.
1127 2325 1281 2403 Duoangii.

454 2476 494 2518 ιο
540 2456 670 2516 Salutem
687 2454 840 2533 plurimam
856 2456 938 2515 vobis
951 2457 994 2514 di·
1045 2477 1125 2515 mum
1157 2476 1260 2535 popam
1292 2456 1424 2534 martyrii
1456 2474 1543 2512 cursu

502 2537 542 2597 cit
559 2536 713 2594 universus
727 2533 812 2591 simul
833 2546 993 2615 martyrum
1046 2536 1207 2615 perfectum
1222 2536 1321 2595 fuisse.

502 2618 614 2675 choras.
653 2614 771 2672 Nuntio
789 2615 871 2673 vobis
885 2616 994 2675 Anthi·

908 2802 1124 2837 ,ᾁ-

503 2940 1215 3027 ΙαοίαπίωΜΡνωείὼ,ωεσῳαωρωευε
1230 2940 1399 3019 sittobito
1416 2942 1543 3014 Oratim

544 3063 636 3125 quam
652 3062 716 3105 m
734 3042 864 3105 imcutit
884 3042 1133 3127 [motioni
1154 3044 1304 3108 Hutosioe
1326 3043 1547 3108 Eoekoiaoico

454 3148 493 3214 ¹5
545 3142 669 3206 Eusebii
690 3144 832 3225 Rufinus,
854 3142 908 3205 lib.
924 3143 967 3207 ix.
986 3165 1056 3228 oap.
1072 3143 1103 3209 6.
1126 3152 1204 3209 tom.
1215 3144 1234 3207 i.
1260 3146 1378 3229 p.515.
1400 3144 1447 3207 ed.
1472 3146 1546 3207 Ooo-

544 3264 649 3306 aona.

546 3400 584 3462 In
605 3400 730 3463 oooulto
751 3421 815 3462 non
836 3402 999 3484 estquod
1022 3423 1081 3466 nos
1095 3402 1267 3467 Christiani
1290 3423 1383 3486 quem
1404 3399 1545 3477 nolimus,

505 3507 591 3572 Deus
611 3530 695 3572 unus
716 3516 777 3581 est,
803 3530 861 3592 per
885 3507 1051 3573 Chiistum
1076 3509 1168 3574 nobis
1192 3510 1405 3575 annunciatus
1430 3517 1475 3591 et·
1489 3530 1547 3592 per

506 3617 656 3702 Spiritum
672 3626 817 3681 sanetum
831 3615 949 3683 nostris
964 3619 1112 3683 cordibus
1129 3619 1312 3704 inspiratus.
1358 3617 1436 3681 Non
1450 3618 1545 3693 enim,

459 3726 582 3791 ²0siant
610 3746 668 3788 vos
697 3726 829 3810 putatis,
858 3726 1005 3791 humanae
1033 3727 1166 3814 aiicujus
1198 3724 1410 3811 persuasionis
1439 3746 1547 3788 errore

505 3832 758 3917 mastringimun
771 3853 829 3895 nee
843 3832 1027 3912 indiscussa,
1042 3844 1080 3900 ut
1101 3835 1166 3912 alii,
1182 3843 1351 3920 parentum
1373 3832 1547 3898 traditione

506 3940 683 4028 decipimur.
721 3940 847 4004 Auetor
865 3940 957 4004 nobis
976 3942 1017 4005 de
1032 3941 1112 4018 Deo,
1128 3942 1217 4007 Deus
1230 3950 1291 4006 est.
1334 3943 1448 4025 Neque
1462 3941 1546 4004 enim
1621 3955 1625 3963 ’

507 4058 606 4131 posset
629 4047 775 4112 sublimis
795 4048 849 4112 illa
870 4050 1023 4134 majestas
1044 4052 1188 4116 sensibus
1209 4052 1357 4115 hnmanae
1376 4050 1493 4114 mentis
1511 4050 1547 4113 il-

491 4156 573 4234 abi,
586 4159 650 4223 nisi
674 4157 725 4221 vel
740 4157 878 4242 Spiritus
892 4159 941 4222 sui
961 4160 1080 4225 virtute
1102 4162 1220 4238 delata,
1236 4160 1285 4224 vel
1306 4159 1408 4223 Verbi
1429 4179 1468 4222 ao
1488 4158 1546 4223 Sa·

474 4284 501 4343 ²5
509 4268 627 4349 pientiae
643 4268 1199 4352 suaeinterpretationibusindioata.
1232 4269 1364 4346 Fateor,
1372 4266 1546 4332 erravimus
