4092 5150
575 428 618 489 80
913 424 1291 489 ANNOTATIONES

575 594 814 659 memorandum
845 599 906 669 est,
941 593 1027 677 quod
1056 591 1206 657 Valesius
1234 593 1267 656 in
1296 591 1382 656 notis
1411 592 1453 657 ad
1484 592 1627 658 Sooratis

574 697 618 760 H.
634 696 675 759 Ε.
693 696 720 758 1.
740 715 790 758 ιο.
814 695 867 757 illa
890 696 929 758 de
950 695 1133 780 Paphnutio
1157 696 1257 759 audet
1281 693 1423 778 rsjioera,
1447 714 1509 758 sua
1528 693 1627 778 ipsine

575 797 672 862 verba
701 805 784 873 sunt,
815 796 991 881 praesertim
1021 818 1093 860 eum
1115 797 1201 861 inter
1223 795 1397 882 episeopos,
1419 795 1474 880 qni
1497 795 1629 861 Nioaeno

575 897 707 962 oonsilio
717 898 982 983 subscripserunt,
993 898 1097 962 nullus
1112 897 1288 962 eonomine
1302 894 1498 984 reperiatur.¹
1535 898 1630 980 Quod

574 1011 683 1064 tamen
702 1008 833 1065 auctore
858 1001 1041 1086 Paphnutio
1064 999 1149 1086 apud
1172 999 1337 1064 oonoilinm
1360 999 1527 1064 Nieoennm
1542 1001 1630 1065 hand

575 1102 786 1167 constitutum
808 1109 868 1181 est,
891 1102 968 1165 illud
992 1103 1081 1185 priua
1103 1087 1301 1168 stabiliverat
1322 1101 1355 1167 in
1374 1101 1535 1187 Hispania
1556 1125 1642 1168 oon-

575 1203 681 1267 eilium
694 1203 937 1267 Eliberitanum.

670 1371 733 1429 Τοῦ
747 1368 833 1448 ἁγίου
849 1366 966 1445 Πέτρου
980 1364 1218 1446 Ἀλεξανδρείας,
1232 1364 1300 1445 περὶ
1315 1367 1529 1446 Βλασφημίας.

612 1506 717 1573 Ὅπως
732 1507 766 1571 δί
780 1532 816 1569 σε
832 1508 880 1569 καὶ
895 1505 954 1569 ἀπὸ
973 1506 1136 1588 διηγήσεως
1151 1505 1284 1587 μεγάλης
1303 1509 1488 1589 προσπείσω,
1505 1509 1552 1572 δτι
1572 1534 1640 1591 περ

574 1608 608 1670 οὐ
630 1613 683 1671 τοῦ
705 1609 861 1687 ἀνθρώπου
883 1608 966 1671 ἔστὶν
987 1608 1006 1686 ἡ
1029 1609 1147 1687 τοιαύτη
1169 1608 1320 1689 δυσσεβὴς
1342 1610 1452 1683 ἔννοια,
1470 1612 1555 1675 ἀλλά
1576 1617 1648 1675 roi?

574 1715 703 1791 πονηροῦ
725 1712 871 1789 δαίμονος,
895 1712 1025 1774 ἄκουσον
1046 1715 1266 1792 φυχοφελλοῦς
1287 1711 1528 1794 ἀποφθέγματος.
1555 1714 1642 1776 ποτὲ

573 1817 631 1895 γὰρ
657 1815 743 1892 ιαμοὶ
770 1813 844 1895 (for.
869 1815 956 1897 καμέ)
981 1817 1034 1875 τοῦ
1057 1815 1192 1878 τοιοῦτον
1214 1817 1444 1898 διανοχλοῦντος
1465 1820 1634 1897 λογισμοῦ,

574 1917 720 1995 ἀνεθέμην
735 1914 825 1979 αι’πάν
840 1916 879 2000 τῷ
895 1919 947 1978 τοῦ
963 1920 1045 1980 Θεοῦ
1060 1915 1218 1996 θεράποντι
1234 1916 1281 1981 καί
1296 1918 1464 1998 ἀμολογητῇ
1481 1921 1636 1999 Παφυου-

573 2020 634 2102 τίφ·
657 2019 739 2084 ὅστις
756 2043 808 2097 μοι
822 2017 1019 2100 διισχυρίζετο
1039 2018 1150 2097 λέγων·
1177 2018 1223 2080 δτι
1242 2019 1277 2082 ἔν
1295 2017 1372 2103 adrui
1388 2020 1428 2102 τῷ
1448 2020 1637 2103 δικαστηρίῳ

571 2120 658 2197 ήνικα
672 2120 741 2197 πυρὶ
756 2121 803 2183 καὶ
817 2119 965 2198 βασάνοις
980 2119 1014 2182 τὸ
1034 2126 1119 2200 σῶμα
1137 2120 1213 2199 ὑπὲρ
1228 2124 1359 2201 Χριστοῦ
1378 2121 1562 2194 κατεκαίετο,
1579 2123 1638 2186 καὶ

573 2222 687 2298 deutero
697 2220 772 2304 (leg.
784 2222 985 2304 ἓξεκαίετο),ὁ
1001 2223 1113 2302 δαίμων
1128 2223 1196 2287 dudo
1212 2224 1320 2303 θειίμου
1329 2220 1403 2307 (for.
1413 2223 1502 2287 ἔνδον
1517 2224 1635 2311 θύμου)

574 2324 648 2384 κατά
662 2326 714 2383 τοῦ
730 2326 811 2385 Θεοῦ
825 2324 1025 2403 βλασφημίας
1038 2323 1214 2405 ἐφθέγγετο.
1237 2324 1355 2406 πράςδν
1365 2325 1637 2407 ἐμβριμησάμενος

571 2427 647 2502 μετά
662 2428 743 2488 Θεοῦ
765 2423 859 2486 duov-
885 2421 909 2486 ὦ
927 2424 1048 2504 πονηρά·
1074 2425 1108 2489 τὸ
1127 2431 1212 2505 σῶμα
1230 2451 1288 2505 μου
1306 2426 1353 2490 καί
1371 2426 1424 2505 τήν
1440 2426 1549 2510 ψυχήν
1570 2454 1635 2507 μου

570 2523 685 2588 δέδωκα
701 2528 743 2591 είς
766 2524 905 2600 θάνατον,
924 2528 974 2590 ίνο
992 2527 1033 2606 μὴ
1051 2527 1140 2592 αιἰτδν
1162 2526 1341 2610 ἀρνήσομαι,
1360 2526 1378 2607 ἢ
1394 2530 1631 2612 βλασφημήσιι’

574 2628 621 2690 καὶ
643 2628 681 2691 σὺ
703 2630 867 2709 λογισμούς
889 2653 939 2706 μοι
961 2631 1160 2709 βλασφημίας
1182 2636 1305 2704 λαλεῖς;
1338 2633 1365 2695 εί
1386 2631 1438 2695 τὸν
1460 2633 1548 2697 esda
1570 2659 1632 2712 μου

571 2735 754 2810 βλασφημῶ,
772 2736 832 2796 πῶς
846 2732 921 2811 ὑπὲρ
941 2731 1032 2794 αὐτοῦ
1050 2736 1102 2795 νῦν
1122 2732 1159 2796 δι’
1182 2734 1331 2814 ἔκχύσεος
1350 2736 1472 2813 αἵματος
1488 2742 1632 2817 μορτυρῧ

571 2833 621 2894 καὶ
642 2837 815 2911 προσκυνῶ;
845 2834 928 2895 ἀλλά
949 2834 1100 2912 πρόδηλον
1122 2836 1168 2898 ὅτι
1189 2835 1207 2913 ἡ
1228 2836 1284 2914 μὲν
1307 2835 1383 2915 καλὴ
1404 2836 1556 2919 ὁμολογία
1579 2840 1632 2902 καὶ

570 2933 714 3012 μαρτυρία
730 2933 784 3010 ἐμὴ
799 2933 950 3016 τυγχάνει·
978 2936 996 3013 ἡ
1012 2937 1045 2999 δὲ
1060 2939 1134 2999 ιιατά
1148 2940 1201 3000 τοῦ
1215 2941 1297 3001 Θεοῦ
1311 2940 1497 3019 βλασφημία
1511 2939 1563 3018 σὴ,
1578 2940 1631 3004 καὶ

572 3035 624 3097 ίπί
636 3059 674 3098 σε
686 3035 911 3116 ἐπιστρέφεται.

614 3136 679 3199 Sed
700 3135 768 3198 haee
790 3128 954 3200 hactenui.
999 3138 1188 3216 Πίαινίδαυι,
1211 3162 1305 3226 quam
1329 3140 1481 3204 Petavius
1504 3142 1633 3227 primns

568 3237 671 3300 edidit
694 3237 725 3300 in
748 3238 937 3322 Uraaolopin
959 3262 997 3303 ao
1017 3249 1129 3324 postea
1150 3242 1334 3328 Dueangins
1356 3248 1432 3307 ante
1454 3243 1633 3309 namsia»

571 3338 722 3403 Ραςσίιαίσ
737 3362 792 3404 seu
810 3334 1059 3406 Amandrinum
1078 3345 1192 3429 posuit,
1209 3344 1269 3409 etsi
1287 3346 1385 3408 Petro
1399 3344 1633 3410 Alexandrino

567 3441 716 3526 episeopo
738 3450 772 3507 et
794 3445 925 3527 martyri
947 3444 979 3506 in
1000 3445 1161 3509 codicibus
1183 3445 1309 3530 seriptis
1330 3444 1491 3511 attributa
1513 3447 1622 3522 fuerit,

572 3544 661 3608 Petri
682 3553 789 3608 tamen
812 3568 875 3609 non
898 3568 978 3622 esse,
1000 3568 1071 3609 cum
1095 3546 1127 3609 in
1151 3569 1190 3611 ea
1210 3547 1388 3611 adducatur
1409 3545 1627 3625 Athanasius,

571 3645 669 3728 liquet
689 3648 739 3709 vel
762 3648 876 3732 pneris,
897 3648 945 3711 ait
960 3647 1075 3712 Gavius
1097 3648 1129 3711 in
1145 3650 1231 3712 Has.
1250 3646 1311 3711 [ἀί.
1328 3646 1380 3732 qui
1401 3648 1545 3713 nondum
1560 3672 1633 3714 ιντο

570 3747 727 3813 lavantur.
772 3750 858 3813 Addi
875 3757 1004 3834 possent
1019 3758 1053 3813 et
1068 3750 1131 3813 alin
1146 3755 1195 3828 τῆς
1210 3751 1326 3815 νοθείας
1340 3749 1466 3814 indieia.
1513 3753 1637 3817 Pauca·

568 3850 691 3914 interea
713 3852 962 3935 fragmentorum
985 3851 1119 3915 istorum
1139 3851 1296 3916 Chronico
1313 3851 1461 3916 l‘usehali
1483 3855 1633 3938 praemis-

570 3974 676 4015 sorum
699 3952 742 4016 Is.
766 3952 973 4017 casaubonus
996 3953 1028 4015 in
1046 3953 1180 4017 Eaereit.
1197 3953 1258 4017 xvi.
1275 3952 1550 4044 Ama-Baranam
1569 3977 1626 4041 pp.

569 4075 643 4132 410.
658 4062 693 4117 et
707 4073 780 4139 590.
796 4056 844 4118 ed.
858 4056 973 4118 Gener.
990 4064 1144 4141 tanquam
1160 4056 1185 4119 si
1202 4078 1310 4121 revera
1323 4056 1355 4120 S.
1370 4056 1459 4120 Petri
1477 4057 1631 4135 fuissent,

569 4177 609 4218 ex
638 4155 738 4218 MSto
769 4156 843 4219 olim
873 4158 1059 4241 protulerat.
1119 4160 1231 4242 Atque
1260 4166 1363 4223 totam
1392 4157 1562 4224 oolloeavit
1590 4160 1634 4224 ἰιι

570 4256 602 4321 S.
623 4257 711 4321 Petri
739 4258 889 4343 Reliqniis
912 4259 1094 4324 Diutribam
1119 4260 1304 4325 Gallandius
1325 4261 1358 4323 in
1380 4266 1469 4325 tomo
1491 4261 1531 4324 iv.
1555 4283 1633 4326 snae

569 4359 763 4423 Bibliotheca
778 4362 922 4438 Patruus,
943 4361 1059 4426 omissa
1079 4370 1187 4426 tamen
1201 4361 1235 4428 S.
1251 4362 1422 4429 Athanasii
1443 4363 1540 4445 ῥήσει,
1557 4385 1630 4450 qna·
