4092 5150
474 426 540 492 wi
658 426 932 491 CONCILIUII
957 424 1280 490 ARELATENSE
1304 424 1335 488 I.

959 596 1037 660 VII.

520 709 564 773 Et
579 710 619 772 de
633 707 682 770 his
696 706 824 790 quidem
836 707 891 790 qui
906 706 939 769 in
953 705 1114 790 republica
1126 726 1221 790 agero
1232 704 1355 779 volunt,
1368 704 1517 769 similiter.

949 815 1050 878 VIII.

519 929 599 991 &De
614 927 705 989 Afris
722 934 841 998 autem,
856 925 942 1008 qnod
959 923 1088 1009 propria
1106 945 1165 987 sus
1178 922 1248 1009 logo
1266 930 1405 988 utuntur
1419 931 1457 988 ut
1475 945 1519 988 ro

475 1038 650 1122 bnptinent,
681 1036 801 1122 placuit
824 1044 862 1099 ut
891 1035 934 1098 nd
960 1034 1124 1098 mesiam
1151 1035 1178 1098 si
1208 1033 1325 1118 aliquis
1354 1034 1519 1098 hoeretieus

473 1148 605 1223 venerit,
621 1147 818 1230 interrogent
833 1166 906 1208 eum
920 1143 1117 1229 symbolum
1140 1143 1215 1208 atsi
1234 1143 1431 1228 perviderint
1450 1167 1517 1209 euru

474 1258 508 1320 iu
524 1257 619 1320 Putre
632 1264 665 1319 et
683 1256 777 1332 Filio,
791 1263 825 1320 ot
841 1255 960 1341 Spiritu
975 1263 1087 1320 saneto
1101 1276 1170 1319 esso
1183 1253 1395 1339 baptizatum,
1410 1276 1517 1320 manus

474 1373 602 1428 tuntum
627 1364 656 1427 ei
682 1363 874 1448 imponatur.
918 1363 1012 1444 Quod
1040 1363 1068 1426 si
1092 1363 1309 1448 interrogatus
1335 1364 1514 1448 symbolum,

474 1496 539 1537 non
561 1473 762 1558 responderit
785 1472 978 1537 Trinitatem
997 1471 1090 1548 huno,
1109 1471 1224 1536 morito
1253 1471 1445 1558 baptizetur.
1464 1475 1512 1536 lta.

475 1583 564 1647 Tunc
578 1582 713 1646 taedinns
727 1581 735 1625 ¹
740 1582 837 1666 jussit
850 1603 961 1646 omues
974 1582 1017 1645 nd
1032 1604 1106 1646 suus
1120 1581 1211 1646 sodes
1224 1583 1342 1646 redire.
1377 1585 1488 1646 Amen.

864 1815 1138 1855 4..

972 1985 1030 2047 lv.

514 2129 716 2187 SYNODUS
731 2130 950 2208 Episcopomm,
965 2130 1015 2206 qui
1031 2129 1060 2186 iu
1075 2129 1193 2188 civitate
1208 2129 1420 2188 Arelatensium
1438 2126 1496 2206 opud

473 2225 620 2283 Marinum
636 2226 804 2304 episcopum
819 2224 968 2283 catholice
989 2224 1117 2283 ecclesia
1137 2227 1321 2305 temporibus
1338 2223 1494 2285 constantin

473 2322 602 2398 Augusti
617 2321 780 2379 Volusiano
794 2332 824 2379 et
840 2321 976 2378 Anniano
989 2323 1070 2379 Coss.
1084 2335 1286 2381 convenerunt
1296 2325 1323 2381 *.

795 2501 944 2559 TITULI
967 2500 1198 2560 CANONUM.

760 2689 802 2728 EX
824 2688 1068 2729 COLLECTIONE
1089 2689 1235 2731 lsroout.

473 2804 486 2861 I
491 2849 496 2861 .
516 2806 552 2861 Ut
567 2826 618 2861 uno
632 2808 676 2861 die
689 2815 715 2861 et
730 2815 848 2880 tempore
862 2806 972 2861 Pasclta
987 2806 1145 2862 celebretur.

473 2903 512 2959 II.
531 2902 568 2957 Ut
581 2903 627 2958 uli
641 2908 750 2977 quisque
763 2904 914 2966 ordinatur,
930 2902 968 2958 ili
975 2907 1146 2978 permanent.

472 3001 528 3057 III.
550 3001 586 3057 Ut
601 3003 647 3075 qui
661 3000 687 3056 in
700 3020 770 3075 pace
784 3019 859 3056 arma
868 3001 1028 3075 prm‘iciunt,
1043 3003 1311 3060 excommunicentur.

473 3097 525 3153 IV.
549 3096 711 3170 litantium,
726 3097 786 3151 ‹lum
802 3095 917 3169 oqitant
932 3096 1199 3151 excommunicentur.

472 3194 509 3249 V.
528 3193 565 3249 Ut
579 3194 717 3258 theatrici,
732 3193 859 3270 quamdiu
873 3200 967 3266 ayunt,
982 3192 1248 3251 recommunicentur.

472 3290 523 3346 Vl.
549 3291 586 3346 Ut
601 3295 627 3346 in
643 3293 802 3365 infirmitate
816 3292 938 3347 conversi
952 3310 1047 3347 manus·
1060 3292 1255 3366 impositionem
1270 3294 1407 3368 accipiiant.

472 3386 541 3443 VII.
560 3390 607 3443 De
620 3389 759 3464 fidelibus,
782 3389 827 3464 qui
845 3387 980 3462 presides
992 3390 1075 3463 fiunt,
1101 3389 1145 3444 vel
1164 3389 1356 3463 rempublicam
1375 3401 1440 3461 apere
1454 3394 1487 3432 0⁰·

596 3485 664 3541 lunt.

473 3579 557 3636 VIII.
574 3582 620 3637 De
634 3582 764 3657 baptismo
781 3601 880 3647 eorum,
896 3583 989 3657 quial
1003 3583 1100 3640 teresi
1114 3592 1312 3640 convertuntur.

473 3676 525 3733 IX.
543 3678 580 3733 Ut
594 3678 640 3753 qui
656 3680 842 3752 consessorum
857 3680 965 3736 litteras
978 3682 1105 3755 afferunt,
1121 3682 1192 3737 alias
1203 3683 1347 3757 accipiant.

472 3774 509 3829 X.
528 3774 564 3829 Ut
580 3776 601 3829 ir
616 3778 696 3853 enjus
710 3794 779 3831 uror
788 3778 961 3840 adulteravit,
974 3778 1058 3833 aliam
1072 3778 1120 3832 illa
1135 3780 1238 3833 vivente
1252 3798 1304 3834 non
1318 3776 1432 3852 accipiat.

472 3871 525 3926 XI.
544 3872 589 3927 De
597 3872 698 3945 puellis
712 3892 769 3946 qua
783 3875 929 3948 pentililus
935 3878 1100 3950 junpuntur.

473 3968 542 4024 XII.
562 3969 599 4025 Ut
614 3969 707 4025 clerici
712 3969 888 4041 feneratores
902 3973 1169 4029 excommunicentur.

506 4112 591 4160 kius
607 4115 707 4161 cume.
724 4128 792 4179 1951.
805 4116 843 4164 ne
854 4117 945 4166 Ama
1120 4120 1127 4157 1
1143 4121 1318 4167 contamina
1329 4092 1508 4172 natuenr'ffl‘l

472 4210 517 4254 per
528 4196 677 4256 rescriptum,
689 4198 752 4257 quod
761 4203 815 4257 post
825 4199 978 4248 Arelatenses
988 4216 1091 4250 canones
1101 4201 1278 4261 subjunpemus.

507 4302 520 4327 ⁴
534 4299 657 4360 (Titulum
674 4300 739 4348 lune
756 4303 785 4348 ab
797 4305 929 4354 Harduino
940 4309 1050 4353 omissum
1069 4309 1173 4355 restitnit
1185 4309 1310 4366 Mansius,
1321 4308 1362 4355 sal
1371 4302 1457 4353 omitia
1478 4280 1517 4341 flu

478 4383 605 4429 (Iunonum
617 4383 685 4442 apud
697 4384 855 4431 Harduinum
866 4386 1015 4450 oecrirrunt.)
