4092 5150
728 1569 1323 1667 ANNOTATIONES

787 1847 870 1928 ·1N
902 1849 938 1927 S.
962 1847 1250 1928 PHILEAM.

919 2113 1142 2148 ,ἢν

547 2309 585 2370 Ρ.
598 2312 648 2391 87.
664 2308 684 2371 Ι.
696 2312 727 2372 6.
746 2308 824 2371 Ἀπὸ
843 2315 901 2372 τῶν
922 2308 1048 2393 Φιλίου]
1064 2309 1190 2387 Omnia,
1205 2332 1275 2394 quae
1293 2311 1333 2375 de
1355 2309 1466 2373 Philea
1481 2310 1550 2394 ipso

498 2411 672 2496 scripserat
693 2411 861 2488 Eusebius,
876 2412 961 2496 prr'us
976 2435 1072 2496 quam
1095 2414 1268 2477 adduceret
1288 2412 1405 2476 Phileae
1430 2414 1547 2496 episto·

497 2513 576 2590 lam,
598 2514 759 2599 martyris,
783 2523 820 2579 ut
842 2536 912 2578 cum
936 2512 1137 2579 Tillemontio
1157 2513 1277 2600 loquar,
1297 2515 1335 2578 do
1356 2515 1549 2600 martyribus

498 2617 636 2700 agentis,
652 2639 756 2702 operae
776 2617 913 2702 pretium
934 2626 982 2681 est
1001 2617 1190 2682 describere.
1236 2618 1406 2697 Θαυμόσιοι
1422 2622 1479 2697 μὲν
1496 2620 1549 2682 οῦν

501 2723 549 2785 καὶ
565 2723 655 2784 οῦτοι·
680 2719 780 2800 (beati
801 2728 957 2803 martyres
976 2727 1052 2783 ante
1072 2720 1325 2802 commemorati)
1348 2719 1502 2801 ἐξαιρέτως
1516 2723 1548 2783 δὲ

500 2826 610 2887 ἐκεῖνοι
621 2822 865 2902 θαυμασιύτεροι,
876 2824 904 2884 οί
915 2822 1032 2905 πλούτιρ
1043 2824 1100 2900 μὲν
1111 2823 1158 2885 καί
1171 2823 1305 2907 εῦγενείη
1316 2824 1364 2886 καὶ
1374 2824 1453 2909 δόξῃ,
1466 2825 1549 2907 λόγῳ

499 2952 531 2988 τε
548 2927 597 2988 καὶ
612 2928 781 3008 φιλοσοφίᾳ
796 2923 1022 3005 διαπρέψαντες·
1046 2924 1143 2988 πάντα
1158 2951 1193 3005 γε
1210 2924 1269 3004 μὴν
1289 2927 1410 3006 δεύτερα
1430 2924 1549 3004 θέμενοι

499 3033 549 3106 τῆς
565 3029 697 3105 ἀληθοῦς
713 3028 877 3105 εὐσεβείας,
893 3028 941 3089 καὶ
951 3031 1002 3104 τῆς
1017 3028 1059 3092 είς
1073 3026 1125 3088 τὸν
1140 3031 1262 3107 Σωτῆρα
1278 3028 1326 3089 καὶ
1347 3028 1455 3106 Κύριον
1467 3026 1549 3104 ἡμῶν

499 3128 618 3209 Ἰησοῦν
633 3129 766 3207 Χριστὸν
780 3131 916 3194 πίστεως
939 3130 1001 3195 οἶος
1011 3131 1186 3208 Φιλόρωμος
1196 3129 1242 3207 ῆν·
1266 3128 1361 3210 ἀρχήν
1372 3153 1439 3191 τινα
1450 3129 1484 3191 οῦ
1495 3129 1549 3207 τὴν

500 3233 653 3315 τυχοῦσαν
667 3236 719 3309 τῆς
732 3230 793 3295 κατ’
808 3230 1040 3311 Ἀλεξάνδρειον
1054 3235 1214 3309 βασιλικῆς
1230 3231 1398 3308 διοικήσεως
1418 3232 1547 3312 ἐγκεχει·

498 3335 649 3413 ρισμίνος·
673 3333 705 3399 ῦς
726 3337 801 3412 μετὰ
823 3340 874 3396 τοῦ
896 3335 1059 3412 ἀξιώματος
1081 3332 1128 3395 καὶ
1143 3336 1194 3409 τῆς
1207 3330 1368 3412 Ῥωμαϊκῆς
1390 3336 1473 3411 τιμῆς
1491 3332 1548 3396 ῦπδ

500 3439 692 3518 στρατιώταις
706 3439 969 3517 δορυφορούμενος,
984 3434 1110 3514 ἑκάστης
1122 3436 1290 3515 ἀνεκρίνετο
1303 3433 1419 3514 ἡμέρας·
1437 3434 1549 3500 Φιλίας

498 3562 525 3603 τε
550 3543 606 3617 τῆς
635 3543 793 3617 Θμουϊτῶν
818 3542 976 3619 ἐκκλησίας
1002 3541 1173 3604 ἐπίσκοπος·
1200 3535 1369 3617 διαπρέψας
1393 3534 1466 3616 ἀνὴρ
1486 3540 1549 3602 ταῖς

496 3646 569 3705 κατὰ
585 3642 643 3718 τὴν
657 3644 782 3719 πατρίδα
795 3644 958 3707 πολιτείαις
972 3667 1004 3704 τε
1021 3644 1068 3704 καὶ
1083 3642 1289 3721 λειτουργίαις·
1313 3640 1346 3702 ἔν
1359 3665 1389 3701 τε
1401 3646 1462 3704 τοῖς
1475 3642 1549 3702 κατά

493 3744 688 3822 φιλοσοφίαν
702 3744 815 3822 λόγοις·
838 3743 867 3805 οἳ
883 3745 930 3806 καὶ
943 3745 1054 3825 μυρίων
1069 3746 1150 3806 ὅσων
1164 3742 1236 3823 πρὸς
1251 3743 1373 3819 αίματός
1383 3766 1416 3803 τε
1431 3742 1479 3803 καὶ
1489 3748 1549 3803 τῶν

486 3845 602 3911 ἄλλων
618 3843 719 3919 φίλων
734 3843 982 3921 ἀντιβολούντων,
999 3845 1043 3907 ἔτι
1061 3843 1120 3922 μῆν
1140 3850 1198 3907 τῶν
1219 3843 1264 3907 ἐπ’
1281 3845 1364 3922 ἀξίας
1383 3844 1547 3925 ἀρχόντων,

484 3948 567 4028 πρὸς
591 3947 627 4007 δὲ
649 3944 697 4005 καὶ
716 3943 806 4007 αὐτοῦ
825 3950 877 4008 τοῦ
897 3950 1037 4009 δικαστοῦ
1059 3951 1311 4027 παρακαλοῦντος,
1333 3946 1372 4011 ὦς
1393 3942 1431 4006 ἀν
1454 3944 1549 4006 αὐτῶν

476 4052 595 4114 οἶκτον
611 4045 752 4123 λάβοιεν,
768 4048 894 4125 φειδύτε
909 4048 1023 4110 παίδων
1042 4050 1089 4111 καὶ
1103 4052 1249 4129 γνναικῶν
1261 4046 1441 4124 ποιήσοιντο·
1463 4047 1547 4109 οὐδα-

472 4159 550 4226 μῶς
566 4147 646 4229 πρὸς
665 4151 724 4209 τῶν
744 4149 894 4213 τοσούτων
909 4152 957 4212 ἐπὶ
977 4152 1011 4213 τὸ
1032 4155 1216 4231 φιλοζωῆσαι
1230 4152 1288 4229 μὲν
1308 4148 1442 4225 ἑλέσθαι,
1459 4173 1545 4211 κατα-

471 4254 647 4335 φρονῆσαι
662 4250 694 4311 δὲ
709 4253 769 4311 τιῦν
784 4250 851 4329 περὶ
865 4253 1027 4332 ὁμολογίας
1039 4254 1087 4315 καὶ
1101 4252 1252 4333 ἀρνήσεως
1263 4256 1315 4314 τοῦ
1327 4254 1457 4331 σωτῆρος
1467 4250 1547 4328 ἡμῶν

471 4358 615 4432 θεσμῶν
631 4349 819 4432 ὑπήχθησαν·
840 4353 963 4436 ἀνδρείῳ
979 4356 1010 4416 δὲ
1027 4358 1163 4437 λογισμῷ
1180 4356 1227 4417 καὶ
1243 4355 1414 4434 φιλοσόφῳ,
1428 4355 1547 4430 μᾶλλον
