4092 5150
568 421 610 481 44
863 418 1110 495 RELIQUIAE
1137 420 1313 484 SACRAE.

566 593 647 692 ρίαν
664 589 834 696 ἐφόνευσε
851 588 988 697 μεταξὺ
1005 600 1071 670 τοῦ
1089 600 1175 671 ναοῦ
1189 596 1248 671 καὶ
1260 602 1324 672 τοῦ
1343 597 1617 697 θυσιαστηρίου,

567 724 784 833 ἐκφυγόντος
805 736 869 807 τοῦ
895 725 1022 812 παιδὸς
1050 728 1139 826 μετὰ
1166 734 1230 828 τῆς
1252 729 1388 832 μητρὸς
1414 730 1617 833 Ἐλιζεὶβετ

567 863 623 966 ἐφ’
643 859 693 940 ὧν
712 863 875 960 οὐδεμίαν
892 863 1032 968 μέμψιν
1050 864 1206 968 ἔχουσιν.

950 1079 1133 1155 ΚΑΝΩΝ
1164 1082 1229 1156 ΙΔ.

623 1213 667 1287 Ei
687 1207 729 1286 δέ
748 1242 837 1290 τινες
860 1210 946 1301 βίαν
969 1206 1115 1308 πολλὴν
1141 1213 1199 1290 καὶ
1227 1209 1386 1311 ἀνάγκην
1412 1209 1642 1292 πετόνθασι5

566 1341 684 1447 χοίμον
701 1341 876 1435 λαβόντες
894 1346 931 1420 ἐν
950 1348 1001 1449 τῷ
1020 1342 1176 1439 στόματι
1194 1348 1251 1423 καὶ
1271 1345 1436 1444 δεσμοὺς,
1456 1350 1516 1425 καὶ
1535 1350 1613 1427 ἐπι-

565 1480 744 1576 μείναντες
770 1484 947 1581 καρτερῶς
972 1483 1017 1583 τῇ
1044 1479 1199 1558 διαθεσει
1218 1485 1281 1578 τῆς
1306 1482 1474 1576 πίστεως,
1492 1485 1542 1563 ὡς
1560 1485 1617 1560 καὶ

567 1613 630 1697 τὰς
659 1622 778 1718 χεῖρας
806 1616 923 1693 αὐτῶν
951 1619 1075 1712 καῆναι
1103 1615 1379 1718 προσαγομένας
1409 1619 1532 1694 ἀκοντὶ
1567 1624 1618 1723 τῷ

566 1749 691 1856 ἀνιέρῳ
719 1749 859 1847 θιίματι,
885 1754 1074 1852 ὡσπεροῦν
1102 1750 1269 1854 έγραψοίν
1300 1784 1360 1848 μοι
1389 1757 1421 1828 oi
1449 1748 1522 1829 ἀπὸ
1553 1756 1617 1851 τῆς

567 1891 732 1991 φυλακῆς
769 1885 1018 1989 τρισμακάριοι
1055 1885 1229 1988 μάρτυρες
1266 1890 1347 1989 περὶ
1383 1893 1456 1964 τῶν
1491 1890 1529 1965 ἐν
1571 1893 1663 1992 ιῄιο

567 2022 696 2128 Λιβύῃ,
716 2026 773 2100 καὶ
791 2023 901 2124 ἕτεροι
921 2021 957 2100 δέ
976 2024 1264 2123 συλλειτουργοί·
1294 2028 1327 2100 oi
1345 2029 1496 2101 τοιοῦτοι
1514 2056 1613 2122 συμ-

566 2158 839 2261 μαρτυρούντων
857 2160 974 2242 οιύτοῖς
993 2158 1156 2256 μάλιστα
1175 2161 1232 2236 καὶ
1254 2164 1326 2236 τῶν
1350 2157 1478 2235 ἄλλων
1503 2160 1614 2238 ἀδελ-

567 2299 657 2397 φῶν,
669 2294 836 2372 δύνανται
848 2289 934 2372 εἶναι
948 2297 985 2371 ἐν
1003 2299 1048 2398 τῇ
1064 2294 1275 2400 λειτουργίᾳ,
1290 2292 1477 2396 ταχθέντες
1489 2296 1526 2372 έν
1543 2302 1617 2378 τοῖς

566 2432 816 2529 ὁμολογηταῖς·
839 2434 887 2511 ὡς
905 2434 963 2508 καὶ
982 2435 1015 2507 οἱ
1034 2431 1355 2531 κατανεκρωθεντες
1372 2432 1409 2507 ἐν
1428 2437 1505 2513 ταῖς
1522 2440 1618 2509 πολ-

567 2573 648 2649 λαῖς
673 2564 858 2661 βασάνοις,
878 2569 935 2643 καὶ
963 2565 1087 2664 μηκέτι
1114 2565 1371 2671 ἐξισχύσαντες
1400 2569 1567 2665 λαλῆσαι
1595 2566 1665 2668 ἢις

568 2700 798 2805 φθέγξασθαι
812 2696 834 2796 ἢ
850 2704 1032 2797 κινηθῆναι
1046 2706 1094 2783 είς
1107 2698 1149 2778 τὸ
1163 2703 1372 2798 ἀντιστῆναι
1389 2708 1462 2784 τοῖς
1481 2706 1529 2784 είς
1542 2701 1615 2796 μά·

567 2869 632 2933 την
646 2833 875 2935 βιαᾷνμένοις.
906 2833 1075 2936 οὐδὲγὰρ
1095 2835 1420 2940 συγκατέθεντοτῇ
1443 2838 1620 2944 βδελυρίᾳ

566 2973 693 3063 αὐτῶν,
712 2973 900 3070 ὡστεροῦυ
913 2968 1012 3070 παρὰ
1027 2976 1322 3069 συλλειτουργῶν
1335 2969 1448 3049 πάλιν
1459 2971 1615 3069 ἤκουσα.

568 3226 598 3275 et
621 3216 721 3279 altare,
737 3235 802 3271 cum
822 3213 971 3289 effugisset
990 3211 1066 3271 filius
1117 3213 1167 3289 qui
1187 3213 1215 3268 in
1237 3212 1338 3291 Libya.
1359 3224 1389 3270 et
1408 3212 1455 3270 alii
1477 3213 1566 3271 etiam
1588 3216 1618 3273 in

568 3316 632 3354 cum
659 3307 751 3353 matre
780 3294 945 3351 Elizubeth.
998 3293 1066 3364 Quo
1117 3293 1205 3350 sacris
1219 3294 1426 3351 comministri:
1450 3292 1523 3352 tales
1541 3314 1617 3373 prae·
1631 3307 1669 3345 20

567 3377 685 3434 nomine
707 3375 788 3432 nullo
806 3373 892 3431 modo
911 3374 1066 3451 reprehen.
1117 3374 1215 3431 sertim
1242 3373 1441 3432 testimonium
1467 3373 1619 3434 reddenti·

567 3457 687 3515 duntur.
1117 3455 1171 3511 bus
1196 3473 1295 3511 eorum
1320 3474 1404 3512 causa
1428 3454 1493 3512 aliis
1517 3455 1619 3513 fratri-

1118 3534 1181 3597 bus.
1211 3545 1331 3610 possunt
1359 3536 1446 3593 etiam
1477 3535 1507 3592 in
1535 3555 1620 3595 sacro

684 3600 835 3660 CANON
857 3600 945 3657 XIV·
1117 3614 1278 3673 ministerio
1320 3615 1396 3673 inter
1437 3616 1620 3675 confessores

609 3699 641 3756 si
655 3699 706 3775 qui
720 3710 818 3756 autem
830 3699 887 3755 vim
901 3696 1021 3756 multum
1035 3709 1064 3755 et
1115 3694 1267 3760 collocari;
1290 3697 1399 3774 quippe
1420 3697 1470 3773 qui
1490 3696 1521 3752 in
1540 3696 1668 3767 mul-25

567 3780 766 3837 necessitatem
790 3779 864 3857 passi
887 3789 974 3848 sunt;
999 3778 1063 3855 qui·
1116 3776 1154 3833 tis
1179 3776 1331 3833 tormentis
1358 3776 1522 3835 mortificati
1550 3776 1619 3835 fue·

567 3879 624 3937 que
646 3860 674 3916 in
689 3880 739 3917 ore
758 3860 883 3925 frenum,
899 3869 929 3917 et
949 3858 1065 3916 vincula
1116 3856 1184 3921 rint,
1200 3868 1230 3913 et
1246 3876 1303 3912 non
1323 3857 1448 3933 amplius
1466 3857 1619 3935 potuerint

567 3951 749 4018 acceperunt,
769 3952 799 3998 et
818 3951 937 4018 propter
960 3940 1063 3996 bonam
1117 3935 1161 3993 vel
1172 3936 1317 4011 loqui,vel
1328 3936 1483 4004 dicere‚vel
1493 3940 1618 4005 moveri,

568 4019 635 4077 fidei
655 4019 836 4077 affectionem
862 4040 927 4077 suas
948 4040 1065 4096 quoque
1115 4028 1150 4074 ut
1164 4017 1331 4074 resisterent
1346 4017 1381 4074 iis
1395 4018 1446 4094 qui
1464 4018 1523 4074 vim
1539 4018 1619 4077 infe-

567 4121 669 4158 manus
685 4100 729 4156 uri
744 4100 861 4158 fortiter
879 4099 1065 4178 pertulerunt
1115 4098 1235 4165 rebant;
1273 4117 1366 4173 neque
1401 4099 1477 4156 enim
1513 4118 1618 4158 eorum
1630 4114 1670 4170 30

567 4179 603 4237 ad
625 4181 778 4258 profanum
801 4181 971 4238 sacrificium
994 4181 1064 4257 ipsis
1115 4177 1490 4255 improbitatiassensisunt.
1505 4179 1619 4250 Quem-

569 4261 668 4318 invitis
700 4260 847 4327 adductam
877 4259 1062 4338 quemadmo-
1115 4257 1269 4314 admodum
1285 4278 1353 4335 ergo
1372 4280 1389 4317 ο
1409 4258 1619 4320 comministris

568 4341 636 4399 dum
650 4341 719 4397 mihi
731 4341 908 4418 scripserunt
920 4361 955 4399 ex
967 4351 1063 4398 custo·
1115 4358 1228 4395 rursum
1252 4338 1360 4404 audivi,
1376 4339 1620 4400 adnumerabitur

566 4421 613 4481 ilia
637 4422 792 4479 beatissimi
816 4432 956 4500 martyres
975 4421 1010 4477 do
1030 4421 1064 4478 iis
1115 4418 1190 4476 inter
1218 4419 1406 4485 confessores,
1430 4434 1459 4479 et
1485 4421 1620 4498 quicum-
