4092 5150
789 1119 1255 1217 ASCLEPlADlS,

630 1367 713 1443 QUI
737 1367 805 1430 AD
829 1368 1158 1435 LACTANTIUM
1184 1372 1410 1449 scnlrsm

827 1606 1212 1680 FRAGMENTUM.

862 1845 1146 1878 -—-0·--

497 2020 661 2117 ATQUE
676 2035 748 2100 ideo
762 2037 876 2102 merito
891 2038 961 2123 quis
975 2038 1159 2114 arbitretur,
1175 2037 1354 2121 proximum
1368 2037 1428 2101 sibi
1442 2037 1545 2102 loeum

496 2153 635 2218 divinum
659 2154 891 2238 providentium
913 2155 1037 2220 dedisse
1060 2155 1099 2233 ei,
1127 2154 1181 2239 qui
1205 2155 1348 2239 potuerit
1370 2153 1546 2241 intelligere

494 2271 725 2337 ordinationem
744 2295 846 2338 suem.
900 2274 983 2338 Nem
1005 2274 1053 2338 sol
1081 2273 1142 2338 iste
1160 2282 1230 2348 est;
1264 2275 1335 2360 quis
1356 2296 1429 2340 eum
1454 2273 1543 2339 videt

494 2390 551 2468 itu,
572 2397 611 2455 ut
630 2390 789 2477 intelliget
811 2392 885 2477 quin
906 2393 954 2456 sol
975 2401 1035 2470 est,
1061 2399 1095 2456 et
1120 2400 1276 2477 quantum
1295 2393 1409 2479 grutioe
1429 2392 1543 2458 efferet

492 2510 618 2575 eaeteris
636 2509 813 2576 institutis?
834 2511 894 2577 hoe
914 2513 1030 2579 eoelum
1049 2520 1118 2593 est;
1141 2513 1213 2599 quie
1232 2511 1265 2577 id
1280 2510 1431 2597 suspicit?
1453 2518 1542 2576 terre

490 2628 580 2704 ἥκω
606 2628 677 2713 quis
698 2651 769 2695 eum
791 2630 886 2695 nolit!
916 2631 976 2696 hoe
998 2632 1147 2719 pelagum
1181 2631 1253 2716 quie
1277 2630 1309 2694 in
1332 2651 1370 2693 eo
1391 2628 1542 2714 naviget!

490 2749 542 2813 hie
555 2748 639 2835 ignis
653 2756 722 2826 est3
744 2750 815 2835 quie
829 2772 867 2814 eo
882 2752 1005 2817 utitur?
1033 2751 1182 2817 Instituit
1196 2772 1272 2836 ergo
1286 2770 1427 2813 summus
1442 2748 1540 2826 Deus,

489 2890 554 2933 non
569 2874 703 2953 propter
721 2890 766 2945 se,
783 2869 859 2953 quie
877 2869 975 2934 nihilo
994 2869 1126 2955 indiget,
1142 2870 1197 2934 sed
1217 2876 1350 2954 propter
1368 2867 1539 2946 hominem,

489 2988 542 3073 qui
559 2986 610 3051 his
624 2993 835 3071 congruenter
848 2995 1001 3053 uteretur.

531 3105 657 3171 Attulit
678 3104 746 3170 haee
768 3107 801 3170 in
823 3106 904 3170 libro
921 3107 972 3171 vii.
995 3108 1187 3172 Dietmmm
1209 3108 1439 3171 Institutiouwu
1458 3129 1484 3171 0.
1497 3107 1537 3170 iv.

489 3208 679 3274 [somnum
702 3208 894 3286 Firmianus,
909 3209 963 3294 qui
986 3208 1092 3274 saeouli
1115 3209 1222 3294 quarti
1244 3208 1351 3273 floruit
1373 3208 1475 3287 initio,
1491 3208 1540 3274 ite

487 3310 662 3397 praelatus3
691 3311 809 3396 Optime
830 3311 927 3396 ipitur
950 3311 1143 3397 Asclepiades
1165 3321 1262 3376 uester
1286 3311 1323 3375 de
1340 3312 1538 3396 providentie

486 3413 598 3478 summi
611 3413 675 3477 Dei
688 3413 833 3478 Amorem
847 3415 881 3477 iu
895 3436 927 3478 eo
941 3412 1027 3491 libro,
1043 3436 1130 3499 quem
1143 3415 1266 3499 sempsit
1280 3414 1325 3477 ed
1337 3436 1389 3477 me
1424 3416 1538 3482 Areon

487 3515 568 3591 ideo,
593 3516 702 3600 iuquit,
722 3516 837 3581 merito
854 3518 909 3580 &e
956 3518 1058 3581 Porro
1083 3518 1187 3602 ipsum
1212 3514 1416 3579 Laetantium
1439 3513 1537 3578 libros

487 3619 567 3705 dnos
591 3617 752 3703 seripeisse
771 3618 813 3681 ed
834 3616 1061 3704 Asclepiadem
1075 3619 1176 3683 tradit
1191 3618 1222 3681 S.
1236 3616 1451 3701 Hieronymus
1466 3638 1534 3701 esp.

485 3719 571 3786 lxxx.
587 3718 682 3783 labri
695 3722 744 3784 De
765 3720 850 3783 Viris
864 3720 985 3784 Idustr.
1031 3720 1099 3786 Ubi
1122 3719 1289 3786 Fabricius
1309 3719 1365 3795 eit,
1392 3718 1488 3782 “Sed
1503 3728 1537 3783 et

486 3833 501 3855 '⁴
519 3822 688 3887 Luctantii
703 3824 745 3887 ed
761 3822 994 3908 Asclepiadem,
1010 3832 1045 3889 et
1059 3821 1260 3909 Aselepiudis
1273 3822 1316 3887 ad
1328 3821 1534 3886 Laetantium

484 3934 500 3958 “
516 3925 651 4010 scriptu,
680 3947 836 4010 nusquam
865 3925 959 3990 hodie
988 3926 1131 3992 extent.”
1177 3924 1396 3990 Christianum
1425 3930 1533 3988 eutem

476 4024 566 4095 huno
590 4027 778 4112 scriptorem
797 4027 905 4105 luisse,
921 4028 1088 4094 verisimile
1105 4028 1241 4092 ridetur.
1286 4025 1373 4090 Nota
1392 4024 1532 4110 positum

475 4148 550 4197 esse
580 4136 656 4214 post
685 4129 827 4206 verbum,
852 4129 1011 4215 iutellipat
1040 4129 1185 4194 similiter
1217 4136 1314 4212 etque
1344 4128 1376 4190 in
1407 4126 1532 4191 Latinis

467 4227 606 4307 Bibliis,
620 4229 753 4315 ullisque
767 4230 836 4316 ejus
849 4232 956 4296 aetetis
971 4233 1129 4318 operibus,
1144 4232 1218 4317 quie
1233 4230 1278 4295 rel
1289 4240 1330 4294 eet
1352 4251 1409 4314 pro
1429 4228 1530 4291 infini-

465 4334 555 4407 tivo,
570 4332 661 4398 solem
674 4353 745 4397 em.

956 4441 977 4480 r<
993 4418 1014 4480 k
1029 4438 1046 4484 2
