4092 5150
549 403 615 471 :94
702 401 862 465 GESTA
886 399 1221 464 PURGATlONIS
1245 398 1448 462 FELICIS.

550 572 702 658 sanguine
724 593 804 636 meo.
853 571 999 636 AElianus
1021 570 1188 656 proconsul
1208 570 1308 635 dixit:
1332 567 1443 634 ccam
1461 569 1594 634 duumvi-

548 693 656 747 ratum
668 683 770 769 egeris
785 682 817 745 in
833 682 939 768 patria
950 689 1018 757 tua,
1031 689 1158 767 oportet
1172 681 1265 744 fidem
1278 680 1384 745 verbis
1399 681 1465 744 tuis
1476 681 1594 746 habere.
1679 689 1682 697 ’

549 794 755 880 Apronianus
775 793 875 858 dixit:
904 792 970 857 Nec
985 815 1099 856 novum
1120 800 1170 857 cst
1190 791 1250 854 illis
1270 791 1330 855 hoc
1350 790 1467 855 facere.
1512 790 1595 856 (lelc-

548 927 618 968 rum
642 915 676 968 et
697 903 778 968 actis
800 904 992 968 addiderunt
1012 903 1098 989 quod
1112 903 1289 967 voluerunt.
1334 901 1412 966 Jam
1430 901 1596 966 artificium

548 1026 599 1079 cst
618 1014 688 1078 illis.
734 1013 882 1077 AElianus
904 1012 1072 1099 proconsul
1090 1012 1190 1076 dixit:
1215 1010 1267 1074 Ex
1288 1010 1486 1096 professione
1505 1011 1595 1076 caeci·
1713 1016 1714 1025 ’

548 1124 636 1200 linui,
660 1123 713 1208 qni
739 1131 813 1187 acta
836 1124 953 1187 falsata
977 1146 1046 1187 esse
1070 1123 1148 1188 dicit
1171 1131 1268 1208 atque
1294 1122 1439 1208 epistolae
1466 1122 1597 1208 plurima

549 1236 670 1312 addita,
687 1235 889 1298 manifestum
910 1241 959 1298 est
975 1256 1039 1318 qua
1058 1233 1222 1297 voluntate
1243 1233 1312 1297 haec
1330 1233 1468 1318 gesserit
1488 1233 1598 1319 Ingen-

550 1347 623 1412 tius.
668 1346 713 1410 Et
735 1346 807 1409 idco
829 1343 1000 1429 recipiatur
1022 1343 1055 1406 in
1071 1365 1239 1409 carcerem.
1284 1344 1346 1408 Est
1363 1345 1449 1408 enim
1471 1344 1597 1409 arctiori

550 1455 791 1541 interrogationi
808 1454 1012 1518 necessarius.
1058 1453 1195 1518 Felicem
1211 1462 1320 1519 autem
1339 1455 1523 1541 religiosum
1537 1457 1597 1542 epi-

550 1591 680 1653 scopum
702 1568 836 1631 liberum
857 1589 925 1631 esse
947 1566 989 1630 ab
1011 1564 1178 1631 exustione
1200 1566 1488 1632 instrumentorum
1510 1567 1596 1631 deili-

550 1701 659 1744 corum
678 1679 879 1742 manifestum
900 1686 959 1751 cst,
976 1699 1047 1741 cum
1071 1699 1163 1742 nemo
1183 1677 1216 1740 in
1231 1700 1303 1742 eum
1323 1677 1446 1763 aliquid
1464 1680 1597 1764 probare

550 1790 702 1874 potnerit,
718 1789 802 1874 quod
818 1788 1069 1874 religiosissimas
1083 1789 1257 1872 scripturas
1268 1789 1439 1854 tradiderit
1451 1792 1498 1855 vel
1510 1814 1597 1855 exus-

550 1900 637 1965 serit.
661 1901 810 1965 Omnium
821 1900 905 1964 enim
920 1898 1150 1985 rinterrogatio
1161 1900 1380 1986 suprascripto
1394 1903 1598 1967 manifestato

550 2020 610 2089 est,
636 2011 738 2074 nullas
759 2010 932 2096 scripturas
954 2009 1083 2074 deificas
1105 2010 1152 2074 vel
1173 2010 1328 2086 inventas,
1350 2012 1400 2077 vel
1421 2022 1597 2098 corruptas,

551 2122 599 2186 vel
625 2122 769 2185 incensas
794 2120 899 2185 luisse.
945 2120 1020 2183 Hoc
1051 2119 1133 2185 actis
1158 2122 1369 2200 ³continetur‚
1396 2124 1483 2208 qnod
1510 2124 1596 2188 Felix

550 2231 715 2317 episcopus
731 2230 895 2316 religiosus
915 2230 975 2293 illis
996 2231 1192 2315 temporibus
1212 2253 1313 2316 neque
1332 2254 1475 2317 praesens
1493 2235 1597 2310 luerit,

551 2366 652 2429 nequa
678 2343 903 2407 conscientiam
932 2343 1227 2417 accommodaverit,
1256 2366 1357 2429 neque
1387 2346 1454 2410 tale
1481 2347 1596 2432 aliquid

550 2454 617 2519 fieri
629 2454 771 2540 jusserit.
817 2453 985 2539 Agesilaus
1000 2454 1100 2519 dixit:
1126 2455 1177 2518 De
1195 2454 1245 2518 his
1264 2455 1317 2539 qui
1340 2456 1383 2519 ad
1405 2465 1595 2541 potestatem
1660 2492 1689 2522 A

551 2573 689 2631 vestram
712 2564 929 2630 instruendam
954 2572 1118 2643 venerunt,
1142 2566 1217 2651 quid
1238 2566 1331 2652 jubet
1353 2577 1499 2653 potestas
1523 2571 1595 2635 tuat
1638 2571 1689 2633 Ξ

551 2675 696 2740 AElianus
712 2675 877 2760 proconsul
894 2675 992 2739 dixit:
1017 2676 1233 2741 Revertantur
1247 2678 1287 2741 ad
1304 2678 1394 2741 sedes
1409 2701 1494 2743 suas.

593 2785 732 2871 Ecplict't
756 2789 825 2869 (sic)
852 2787 942 2850 Geato
963 2787 1165 2870 Pnrynn‘ont'e
1183 2788 1299 2852 Felicis
1317 2789 1449 2875 cpntcpt'
1470 2794 1689 2854 Antan—-

549 2897 652 2960 :titani
667 2896 854 2959 ordinatores
871 2896 1033 2959 Caeciliani
1054 2897 1260 2982 Cnrtlcnpinis.
1306 2908 1421 2967 Extant
1444 2909 1473 2966 in
1496 2908 1550 2966 vol.
1565 2909 1633 2965 ii-
1680 2950 1686 2963 .

550 3010 671 3066 Miscell.
683 3008 786 3086 Steph.
797 3008 909 3066 Baluzii
926 3010 1092 3088 p.81—89.
1109 3021 1139 3068 et
1154 3011 1190 3068 ad
1206 3011 1254 3068 fin.
1270 3033 1318 3090 op.
1332 3013 1364 3071 S.
1376 3015 1480 3093 Optati
1495 3015 1687 3074 edent&

552 3106 684 3184 Dupinio
698 3126 726 3184 p.
740 3108 807 3164 162.

935 3230 1211 3268 „4—

567 3395 814 3468 EPISTOLA
842 3397 1196 3469 IMPERATORIS
1222 3398 1575 3472 CONSTANTINI
1665 3395 1672 3460 ἶ

651 3582 705 3638 ΑΙ)
726 3582 971 3639 PROBIANUM
994 3583 1299 3641 PROCONSULEM
1321 3585 1494 3651 AFRICAE.

614 3711 666 3774 Ec
694 3713 862 3797 Anpnsn'ni
888 3712 941 3776 lib.
958 3712 1000 3775 iii.
1034 3714 1147 3777 Uontrn
1176 3714 1368 3778 Crescentem
1392 3719 1533 3801 capili.

859 3836 887 3889 ct
902 3824 1005 3909 Epist.
1020 3826 1159 3890 lxxxviii.
1176 3850 1244 3911 cap.
1257 3850 1287 3908 4.

594 3940 809 4005 lurnnxroans
828 3945 973 4008 Caesares
993 3946 1122 4011 Flavius
1137 3947 1364 4013 Constantinus
1387 3947 1580 4012 Maximuse
1599 3935 1699 4000 fil

551 4048 698 4115 Valerius
720 4052 898 4118 Licinianus
920 4055 1062 4120 Licinius
1085 4058 1245 4122 Probiano
1268 4059 1448 4143 proconsuli
1470 4059 1695 4122 Africae-‘-

582 4186 596 4224 n
611 4178 659 4238 (Ex
671 4180 756 4229 ordine
766 4183 921 4231 decurionum
930 4184 1002 4247 recipi
1014 4201 1063 4233 non
1081 4195 1193 4248 potcmnt
1207 4186 1251 4235 nisi
1264 4187 1305 4249 qui
1317 4189 1450 4246 dipnt'stimi
1463 4190 1563 4236 moribus
1573 4195 1658 4235 9
1672 4176 1692 4214 ⁶⁸

543 4258 704 4317 facultatibus
722 4272 802 4322 erunt
818 4277 940 4314 statuente
959 4270 1022 4329 Imp.
1045 4268 1152 4317 Honorio
1171 4271 1197 4316 in
1211 4270 1240 4318 11.
1249 4269 1288 4327 46.
1311 4286 1332 4319 c.
1353 4273 1383 4319 dc
1399 4251 1681 4319 flandoniamsl

549 4349 561 4378 r
572 4340 634 4402 (jor.
649 4343 836 4408 interrogatione
846 4350 1062 4412 suprascriptonim
1072 4352 1275 4414 manifestatum.)
1353 4363 1365 4391 ⁸
1376 4352 1412 4416 (h.
1420 4370 1442 4402 c.
1455 4370 1521 4402 nunc
1532 4351 1674 4416 κριῷ

549 4422 622 4471 situm
632 4437 675 4472 cst.
701 4426 790 4476 Conse.r
801 4444 853 4491 pag.
864 4431 917 4479 288.
931 4432 947 4478 l.
960 4431 1009 4495 16.)
