4092 5150
473 411 538 479 436
803 406 1187 474 ANNOTATIONES

473 593 526 651 tra
540 584 664 649 illarum
679 582 796 665 ῥήσεων
810 581 853 645 sit
872 580 945 657 ista,
960 602 1032 665 quae
1046 579 1098 643 hio
1118 578 1246 644 sistitur
1259 600 1302 642 ex
1313 575 1470 662 Lequieno
1482 581 1511 640 et

471 710 512 752 ex
529 687 660 751 Schedia
672 685 697 748 J
698 685 810 749 oannis
825 684 954 750 Ernesti
970 683 1082 747 Grabii
1094 683 1127 746 in
1141 682 1339 747 bibliotheca
1349 680 1514 745 Bodleiano

473 811 604 853 numero
625 811 656 852 v.
679 787 811 865 notatis,
826 787 942 863 nescio,
965 809 1038 851 oum
1059 786 1180 851 eaedem
1202 785 1375 853 sententies
1394 783 1514 868 diligen-

472 890 553 956 tiam
567 889 662 955 amici
675 889 773 953 libros
787 912 845 975 pro
863 912 915 954 me
936 889 1069 954 Parisiis
1091 886 1324 975 perscrutantis
1344 884 1514 952 fefellerint

473 993 596 1057 Eadem
618 1000 727 1056 autem
749 994 835 1074 ῥῆσις
856 992 890 1056 in
905 991 1016 1057 Grabii
1041 991 1173 1057 Schedia
1191 989 1289 1055 MSS.
1304 989 1357 1054 bis
1376 985 1514 1063 occurrit,

473 1104 508 1161 et
529 1096 562 1160 in
583 1095 759 1180 posteriore
774 1095 901 1179 quidem
923 1094 993 1160 loco
1015 1118 1056 1159 ex
1076 1094 1143 1159 cod.
1161 1093 1348 1160 common.
1365 1090 1516 1176 descripta

474 1197 705 1262 Parallehnam
726 1197 918 1261 οοίιιοίίοτντο
938 1198 1093 1272 Journa-
1118 1218 1189 1281 quae
1212 1196 1344 1281 quidem
1367 1191 1516 1259 Pmnllela

473 1324 494 1367 a
510 1301 671 1387 Leqnieno
685 1308 904 1387 postmortem
914 1299 1026 1365 Grabii
1038 1300 1126 1364 edita
1140 1299 1339 1385 prodierunt.
1371 1296 1418 1361 Et
1427 1316 1515 1361 unum

474 1405 535 1468 hoc
549 1403 652 1489 operis
675 1402 860 1488 Dionysiani
880 1402 1094 1488 fragmentum
1117 1403 1202 1487 quod
1222 1402 1311 1487 apud
1326 1400 1515 1486 Lequienum

473 1507 613 1570 iuvenire
646 1504 746 1591 potui,
777 1526 798 1569 a
835 1504 1005 1569 Gallnndio
1040 1504 1131 1569 rideo
1164 1505 1328 1590 adjectum
1365 1503 1514 1589 prioribus

473 1607 631 1693 excerptis
653 1607 851 1684 Brutianis,
868 1629 939 1692 quae
957 1606 1024 1692 ipse
1045 1607 1076 1671 in
1095 1614 1185 1674 tomo
1206 1607 1305 1672 tertio
1321 1605 1514 1671 Bibliotheca

474 1735 540 1777 suoe
555 1715 691 1776 Petrum
705 1733 745 1774 ex
756 1711 895 1775 editione
907 1710 1078 1796 Vigen‘ana
1089 1710 1130 1774 ad
1145 1710 1277 1773 verbum
1288 1716 1429 1795 sumpta,
1440 1709 1514 1772 inter

473 1829 581 1878 cetere
596 1813 742 1899 Dionysii
757 1813 969 1878 Alexandrini
985 1813 1182 1899 Fragmenta
1194 1811 1352 1898 reposuit.

519 1918 642 1998 P.418.
661 1916 747 2003 l.15.
770 1923 829 1981 τῶν
849 1917 1014 2000 μεγίστων]
1042 1917 1105 1980 Ηὶσ
1130 1914 1271 1980 editione
1292 1913 1512 1979 Parnason-am

476 2019 640 2104 Lequiena
659 2019 771 2084 relicta
791 2041 862 2104 quae
882 2018 1011 2083 exhibet
1029 2025 1187 2099 μεριστῶν,
1202 2016 1319 2081 Grabii
1339 2016 1511 2104 apographo

473 2124 624 2204 μεγίστων
645 2121 756 2188 debeo·
801 2124 856 2186 An
878 2124 951 2203 ὕπερ
973 2118 1065 2187 αὐτὸν
1086 2144 1144 2207 pro
1166 2118 1215 2184 ὑπ’
1239 2119 1334 2184 αὐτὸν
1357 2119 1510 2206 legendum

475 2226 544 2289 est!

519 2325 601 2389 Ibid.
618 2325 638 2389 l.
654 2328 702 2389 16.
719 2333 771 2391 τοῦ
786 2328 910 2409 ἀριθμοῦ
924 2331 977 2391 τοῦ
990 2325 1107 2411 σίῶνος]
1124 2324 1208 2406 Quid
1222 2324 1266 2389 sit
1281 2324 1381 2404 istud,
1390 2325 1447 2389 nisi
1460 2323 1509 2409 sip

475 2427 623 2493 nificetur
636 2428 745 2493 mundi
761 2430 809 2493 vel
824 2429 990 2494 harmonia
1003 2429 1052 2493 vel
1066 2427 1182 2504 anima,
1195 2426 1246 2491 rel
1260 2428 1451 2504 substantia,
1462 2433 1508 2492 aut

475 2530 612 2616 denique
631 2530 699 2617 ipse
724 2553 874 2597 numerus
895 2530 1053 2607 denarius,
1076 2531 1197 2618 ignoro.
1245 2530 1342 2597 Cous,
1364 2530 1507 2596 Meursiur

474 2636 523 2697 De
536 2636 677 2698 Bouario
692 2658 761 2721 cap.
773 2636 831 2701 ult.
848 2658 879 2721 p.
897 2655 965 2717 109.

519 2735 599 2799 Ibid.
616 2736 636 2798 Ι.
653 2755 701 2818 17.
718 2738 878 2804 ἀτέλεστος
893 2738 965 2822 τῶν]
982 2738 1173 2822 Suppeditat
1192 2737 1321 2822 quidem
1337 2737 1504 2823 particulam

476 2840 524 2900 καὶ
544 2846 620 2902 ante
640 2838 801 2907 ἀτέλεστος
825 2840 936 2904 Grabii
959 2848 1129 2924 utrumque
1150 2840 1383 2926 apographum,
1401 2840 1451 2904 sed
1470 2839 1504 2901 ia

477 2964 602 3025 quoque
618 2945 677 3005 ’τῶν
691 2943 857 3007 delendum
873 2950 969 3008 esset.

522 3045 604 3107 lbid.
621 3045 641 3107 l.
656 3065 705 3126 24.
720 3044 938 3127 Ἐργοστήμιον
959 3047 1123 3126 ἀνθρώπων
1137 3046 1210 3129 &o.]
1233 3046 1348 3110 Posita
1363 3052 1434 3109 sunt
1447 3065 1465 3107 a
1476 3040 1502 3105 cl.

474 3147 597 3211 editore
625 3147 757 3231 Operum
779 3150 813 3212 S.
826 3148 971 3230 Dionysii
990 3148 1079 3212 Aac.
1103 3148 1213 3212 Romae
1233 3151 1316 3232 1796
1333 3150 1417 3213 calce
1437 3153 1501 3211 cete

475 3271 582 3312 rorum
598 3249 864 3333 Fragmentorum
875 3248 1039 3313 Librorum
1050 3252 1099 3315 De
1111 3253 1241 3315 Natura
1256 3252 1329 3315 duae
1344 3252 1413 3315 istae
1421 3251 1502 3332 ῥήσεις

476 3374 515 3414 cx
536 3352 642 3416 codice
666 3353 823 3418 Vaticano
838 3378 901 3417 L111.
926 3354 1102 3439 descriptae.
1150 3357 1329 3439 Postquam
1356 3377 1430 3419 vero
1451 3353 1503 3416 illa

476 3474 560 3516 anno
580 3454 660 3517 1818
683 3455 717 3518 in
739 3456 971 3522 Additamento
993 3458 1036 3520 ad
1055 3457 1172 3521 vol.11.
1196 3458 1413 3543 Reliquiarum
1434 3459 1502 3521 sac.

477 3556 715 3636 collocaveram,
743 3558 873 3622 tandem
909 3561 986 3625 mihi
1025 3560 1164 3625 innotuit
1198 3560 1314 3626 allatas
1348 3558 1504 3645 antiquitus

475 3659 601 3721 easdem
628 3658 724 3723 fuisse
749 3681 770 3724 a
794 3659 929 3726 Leontio
954 3670 989 3727 et
1013 3661 1161 3726 Johanne
1190 3662 1222 3724 in
1254 3662 1353 3726 Libro
1380 3660 1503 3727 Secundo

476 3760 591 3822 Ιίοτνιτι
615 3762 795 3838 Sacrorum,
820 3786 913 3847 quem
936 3763 1117 3850 nuperrime
1140 3785 1224 3828 anno
1247 3766 1328 3850 1833
1357 3788 1427 3830 enm
1445 3764 1505 3829 orbe

476 3861 622 3925 litterato
650 3865 894 3929 communicavit
927 3866 983 3930 eel.
1016 3866 1159 3951 Angelus
1191 3865 1299 3929 Maius
1328 3867 1362 3930 in
1387 3868 1447 3931 vol.
1464 3884 1503 3927 111.

477 3964 575 4026 Νοοιν
592 3963 778 4029 Oolhcticcis
802 3968 865 4031 Vct.
882 3969 1073 4053 Scriptorum
1091 3989 1185 4053 pagg.
1196 3967 1237 4050 98
1257 3974 1291 4031 et
1309 3970 1381 4033 108.
1424 3962 1504 4054 Apud

477 4063 603 4127 Maium
629 4067 743 4150 prioris
766 4068 880 4149 ῥήσεως
903 4078 953 4136 est
982 4070 1168 4158 epigraphe,
1195 4072 1359 4134 Διονυσίου
1383 4069 1504 4148 Ἀλεξιν

477 4168 575 4245 δμείσς
591 4168 623 4229 ἔκ
637 4174 690 4231 τοῦ
703 4172 770 4251 περὶ
785 4175 915 4251 φύσεως,
931 4172 1074 4249 alterius,
1092 4176 1143 4236 τοῦ
1155 4172 1302 4252 μακαρίου
1314 4175 1469 4237 Διονυσίου
1481 4170 1504 4231 ll

477 4269 516 4351 τῷ
533 4270 743 4350 περὶφύσεως.
785 4274 864 4338 Cum
880 4275 913 4339 in
928 4276 1067 4341 editione
1082 4273 1225 4358 Dionysii
1243 4273 1390 4340 Romana
1403 4270 1503 4339 mendis

477 4377 637 4435 scaterent
652 4373 720 4437 haeo
738 4385 899 4461 excerpta,
921 4378 1089 4466 plerasque
1108 4398 1218 4444 earum
1241 4376 1276 4440 in
1292 4378 1501 4444 Additamento
