4092 5150
474 441 539 504 482
809 431 1195 499 ANNOTATIONES

474 609 586 694 incipit
608 614 706 693 caput
728 606 786 671 ult.
810 607 939 671 lib.xiv.
968 603 1155 670 Eusebium
1172 604 1423 690 Proeporats'oais
1440 625 1503 689 pra·

475 713 574 776 fixum
589 711 649 775 hoc
664 718 733 785 est;
752 709 826 775 Ὀτι
840 711 893 774 οὐκ
908 709 1052 774 ἐπίπονον
1066 710 1107 794 τῷ
1124 712 1196 793 Θεῷ
1210 709 1246 772 τὸ
1262 708 1443 790 ἐργάζεσθαι.
1459 706 1504 770 ἀπὸ

475 821 527 879 τοῦ
552 815 651 878 αὐτοῦ.
691 814 823 900 Operam
844 832 967 877 ιιιοτιινι
991 811 1173 876 molitionem
1196 812 1266 876 Deo
1292 808 1460 875 lotorioeam
1476 832 1504 874 αι

475 917 627 982 moisem
641 938 700 980 eoa
714 937 782 981 esse.
827 917 880 980 Ειι
893 914 1000 978 odem.
1548 978 1555 991 ,

523 1022 561 1083 Ρ.
573 1039 648 1100 412.
667 1020 689 1083 l.
708 1040 716 1082 ι
723 1039 754 1105 5.
779 1017 856 1099 Mnt‘
872 1016 1118 1102 ἀναβάλλεσθαι]
1140 1014 1278 1081 Hesiodi
1291 1015 1387 1080 rerba
1400 1014 1501 1080 suntin

472 1119 561 1202 Ἔργ.
576 1141 640 1183 νοτ.
651 1122 726 1201 408.

608 1220 685 1299 Μηά’
702 1219 936 1300 ἀναβάλλεσθαι
950 1221 993 1287 εἰς
1005 1215 1123 1300 αὔριον,
1137 1220 1180 1286 εἷς
1192 1215 1217 1280 τ’
1235 1217 1372 1298 ἕννηφιν.

478 1322 541 1404 Qui
555 1323 708 1407 sequitur,

608 1427 674 1490 Αῖεὶ
689 1423 713 1488 θ’
730 1423 932 1505 ἀμβολιεργὸς
945 1422 1003 1488 &a
1050 1421 1135 1486 lbid.
1146 1441 1186 1502 41
1197 1441 1222 1485 ι.
1264 1421 1406 1485 Vrennus.

479 1532 511 1597 ἐς
532 1527 556 1591 τ’
571 1526 675 1609 αὔριον
696 1548 755 1612 pro
777 1529 820 1593 ste
841 1523 944 1607 αὔριον
962 1547 1003 1589 ex
1018 1525 1117 1589 MSo
1130 1522 1268 1608 reposui.
1288 1522 1351 1587 ἐστ’
1373 1521 1499 1604 αὕριονθ

479 1630 542 1695 ἐστ’
560 1631 686 1712 ἔννηφιν
700 1628 786 1714 apud
803 1628 983 1692 Hesiodum
998 1628 1120 1693 editum
1135 1648 1220 1690 nune
1234 1632 1423 1712 comparent.

523 1733 605 1797 Ibid.
621 1733 641 1796 Ι.
656 1733 703 1797 18.
718 1734 795 1811 ἡμᾶς
808 1733 855 1816 τε]
879 1729 954 1794 For.
969 1731 1046 1810 ἡμᾶς
1060 1731 1104 1795 δέ.
1127 1729 1274 1794 Vrennus.
1320 1731 1402 1793 Mox
1417 1723 1500 1791 addidi

479 1859 519 1901 ex
549 1837 644 1900 Msto
669 1844 765 1918 φησιν
789 1842 863 1920 post
883 1832 1117 1916 Ἐπικατάρατος
1139 1833 1206 1916 γάρ.
1252 1830 1501 1899 Consentientibu

478 1959 563 2001 nunc
577 1945 707 2022 ητιαιιιοτ
719 1934 843 2020 seraptis
856 1934 1097 2018 Gaiasordioais.

523 2039 563 2103 Ρ.
579 2058 654 2123 413.
678 2037 699 2102 1.
714 2057 746 2118 4.
773 2037 876 2122 ἀηθες]
906 2036 1009 2122 Vulgo
1035 2038 1156 2115 ἀληθὲς,
1181 2036 1237 2100 sed
1266 2037 1430 2121 legendum
1450 2053 1502 2097 cun

480 2142 576 2206 Μάλα
598 2139 723 2225 Oollepis'
745 2140 778 2203 S.
786 2139 929 2216 locaris,
944 2146 1043 2225 prout
1064 2139 1246 2223 conjecerat
1268 2138 1410 2225 Vigerus,
1429 2139 1502 2214 ἀηθιτ.

481 2246 605 2310 Favent
634 2254 694 2308 trec
722 2243 809 2308 codd.
836 2243 1063 2327 Gaiat'ordieai.
1108 2244 1205 2308 Unde
1232 2242 1310 2306 mihi
1337 2243 1370 2306 in
1392 2249 1504 2306 menten

480 2348 567 2413 venit
590 2346 780 2432 corrigentis
801 2346 839 2410 cl.
861 2345 1017 2425 Forstui,
1033 2346 1086 2431 qui
1104 2346 1146 2410 ob
1167 2347 1284 2411 merita
1305 2345 1340 2409 in
1363 2345 1504 2410 Platonem

481 2449 704 2516 celeberrimus
725 2457 784 2526 est,
800 2449 898 2513 verba
918 2448 1052 2535 Josephi
1074 2448 1217 2513 historici
1239 2449 1281 2513 de
1299 2447 1434 2524 Christo,
1448 2443 1505 2509 aet

482 2562 594 2621 σκαλος
608 2553 772 2634 ἀνθρῶπων
794 2557 852 2616 τῶν
873 2553 964 2641 ἡδονῇ
979 2550 1004 2616 τ’
1019 2553 1116 2632 ἀληθῆ
1138 2552 1322 2635 δεχομένων,
1337 2549 1391 2615 ubi
1409 2548 1431 2613 r‘
1449 2546 1504 2626 dudi

481 2658 585 2742 legere
599 2678 658 2741 pro
672 2654 697 2716 τ’
713 2658 810 2735 ἀληθῆ
824 2677 882 2718 nos
897 2663 1014 2731 monet,
1027 2662 1060 2719 et
1074 2656 1169 2740 paulo
1189 2660 1273 2738 post,
1288 2661 1350 2718 τῶν
1364 2656 1439 2718 ἰδίων
1451 2675 1502 2731 τρι-

481 2765 584 2841 φητῶν
603 2781 660 2843 pro
682 2758 735 2821 illo
757 2764 816 2821 τῶν
831 2761 919 2821 θείων
937 2760 1099 2839 προφητῶν
1117 2780 1289 2843 reponere3
1316 2781 1387 2842 quae
1403 2755 1503 2841 quiden

482 2862 563 2937 duae,
580 2860 730 2945 opinatur
749 2860 798 2922 vir
818 2860 972 2937 eruditus,
988 2860 1198 2925 correctiones
1219 2861 1325 2924 locum
1347 2860 1427 2922 hunc
1446 2853 1503 2920 satis

482 2971 588 3029 tutum
610 2964 652 3027 ab
674 2963 820 3026 omnibus
841 2964 1031 3028 adversariis
1053 2964 1133 3048 ejus,
1147 2964 1291 3049 adeoque
1313 2962 1450 3047 Josepho
1467 2979 1502 3041 op

482 3065 561 3129 timo
580 3064 654 3149 jure
668 3064 901 3142 vindicandum,
920 3072 1087 3151 praestant.
1124 3065 1205 3129 Vide
1226 3068 1369 3151 ejusdem
1391 3065 1502 3129 Dissert-

481 3169 522 3231 de
536 3191 574 3231 eo
589 3168 696 3252 lingua
711 3167 879 3231 vernacula
893 3169 1116 3254 conscriptam.
1163 3168 1357 3231 Villoisonus
1376 3174 1471 3231 autem
1482 3162 1502 3223 in

483 3268 632 3334 Diatriba
642 3269 806 3332 Aaeodotia
815 3270 879 3333 suis
891 3272 1007 3335 Groecie
1014 3293 1140 3335 annexa
1150 3292 1181 3355 p.
1191 3273 1297 3353 69—7
1308 3293 1333 3334 1.
1357 3267 1502 3352 Josephun

482 3372 615 3436 subinde
629 3372 856 3455 interpolatum
871 3373 967 3438 fuisse
978 3381 1086 3437 censet
1101 3372 1226 3436 scholiis
1239 3373 1414 3438 Christiani
1426 3370 1502 3454 cujus·

482 3475 568 3561 piam
582 3474 711 3540 lectoris
730 3476 772 3538 ed
788 3497 876 3539 oram
892 3475 1009 3541 codicis
1029 3475 1142 3540 affixis.
1184 3478 1256 3539 Hoc
1271 3498 1347 3540 vero
1362 3473 1503 3559 contigisse

481 3600 608 3642 neccsse
623 3584 681 3653 est,
692 3584 864 3661 antequam
876 3578 1033 3643 Eusebius
1042 3578 1281 3663 verbaJosephi
1293 3578 1503 3663 descnpsisset

482 3702 576 3765 quem
591 3679 718 3764 quidem
736 3687 865 3744 constat
886 3702 950 3744 non
970 3688 1096 3745 tantum
1119 3681 1151 3743 in
1172 3681 1323 3746 Historia
1345 3706 1402 3747 sna
1422 3678 1504 3745 Ecele

481 3782 612 3847 siastica
632 3782 700 3845 haec
726 3782 796 3866 ipsa
819 3782 971 3867 posuisse,
995 3785 1052 3847 sed
1071 3784 1168 3848 etiam
1191 3784 1223 3847 in
1248 3784 1440 3870 Theophanis
1458 3798 1503 3844 sua

482 3884 571 3969 cujus
594 3884 723 3968 quidem
745 3884 817 3947 libri
844 3885 1068 3970 interpretatio
1091 3887 1222 3970 Syriaca
1243 3888 1424 3972 nuperrime
1443 3907 1461 3948 a
1479 3878 1502 3943 al·

484 3987 567 4050 Leeo
594 3987 662 4050 orbi
686 3987 831 4052 litterato
857 3989 1089 4054 communicata
1116 3998 1175 4054 est.
1229 3990 1276 4054 Et
1301 3991 1380 4054 mihi
1405 3988 1504 4074 quiden

482 4089 583 4152 omnis
605 4089 658 4153 illa
672 4092 696 4152 J
698 4090 807 4174 osephi
823 4092 965 4156 narratio
980 4092 1010 4155 ei
1030 4100 1116 4155 recte
1131 4092 1270 4156 adscribi
1290 4092 1502 4177 possevinus

481 4198 508 4261 si
530 4199 624 4261 modo
640 4199 781 4278 ἔμβλημα
803 4201 1013 4278 omitteretur,
1031 4202 1114 4285 qnod
1131 4201 1260 4285 Origeni
1280 4203 1415 4266 fortasse
1432 4212 1503 4261 causa

482 4299 551 4375 suit,
576 4306 613 4363 ut
640 4307 745 4364 totum
771 4302 795 4362 J
797 4302 906 4386 osephi
932 4304 973 4367 de
998 4304 1126 4368 christo
1156 4303 1375 4367 testimonium
1400 4306 1502 4387 prater·

482 4401 644 4480 mitteret3
676 4411 725 4467 est
751 4403 848 4481 istud,
873 4404 969 4485 ἐφάνη
992 4408 1050 4486 γὰρ
1073 4406 1171 4471 αὐτοῖς
1194 4408 1295 4487 τρίτην
1318 4407 1396 4490 ἔχων
1416 4400 1501 4483 ἡμάρθ
