4092 5150
473 419 539 482 4oe

769 415 1020 496 RELIQullu
1047 414 1228 481 SACRAE.

474 591 533 668 καὶ
560 588 704 690 ἔγκατα,
720 590 779 666 καὶ
805 587 1029 691 αἶσθιρὴρια,
1057 587 1104 667 τὰ
1130 586 1200 688 μὲν
1226 586 1383 687 ἔνδοθεν,
1412 588 1502 669 τόδὲ

473 723 626 825 θιίραθεν
650 720 847 829 ἐφήρμοσε,
866 725 911 802 δι’
931 718 982 800 ὧν
1006 720 1229 825 &monlon
1246 721 1291 803 τό
1314 730 1444 823 orium
1466 721 1503 803 ὧν

473 856 575 936 οὐδὲν
602 855 728 960 ἀργὸν,
748 853 828 935 οὐδὲ
855 859 996 960 ἀχρεῖον
1020 852 1238 959 προσετέθη·
1268 859 1345 938 ἐπεὶ
1366 857 1451 960 μηδὲ
1470 857 1503 938 τί

474 991 698 1098 φαυλότατα,
714 990 804 1091 μήτε
830 991 960 1095 τρίχες,
980 989 1071 1091 μήτε
1093 992 1230 1096 ὅννχες·
1258 993 1381 1074 πάντα
1404 992 1450 1093 δὲ,
1470 993 1503 1073 ri

473 1127 550 1225 μὲν,
567 1125 658 1229 πρὸς
676 1124 717 1205 τὸ
737 1130 801 1225 τῆς
825 1124 1042 1210 συστάσεως
1067 1126 1211 1231 ὄφελος,
1229 1125 1279 1206 τὰ
1303 1127 1353 1225 δὲ,
1375 1129 1460 1232 πρὸς
1472 1128 1519 1210 ris

473 1258 612 1343 καλλδς
635 1264 698 1358 τῆς
722 1257 841 1365 ὄψεως
866 1265 1044 1339 συντελεῖ.
1075 1258 1211 1362 οὐγὰρ
1235 1264 1303 1359 τῆς
1324 1260 1504 1366 χρείαςμό·

475 1429 553 1493 νης,
575 1391 752 1472 ἀλλὰκαὶ
769 1396 833 1491 τῆς
851 1389 946 1494 ὥρας
966 1391 1136 1493 ἐπιμελὴς
1158 1393 1182 1492 ἡ
1209 1394 1384 1498 Πρόνοια.
1415 1396 1505 1499 ἕρνμι

474 1529 540 1628 μὲν
568 1528 640 1631 γὰρ
658 1531 717 1607 καὶ
743 1525 943 1627 σκίπασμα
969 1535 1063 1608 πᾶσι
1089 1533 1153 1628 τῆς
1181 1535 1346 1636 κεφαλῆς
1372 1533 1395 1633 ἡ
1418 1531 1502 1631 κόμη·

475 1664 663 1767 ειπτρέπεια
676 1661 715 1743 δὲ
734 1666 754 1742 ὁ
776 1663 911 1763 πιόγων
923 1668 975 1769 τῷ
990 1661 1201 1770 φιλοσόφῳ.
1223 1662 1292 1763 τήν
1305 1700 1345 1745 τε
1363 1675 1426 1746 τοῦ
1436 1666 1504 1745 ὅλον

479 1799 649 1898 σώματος
667 1807 730 1878 τοῦ
748 1798 968 1900 ἀνθρωπείου
985 1796 1099 1905 φύσιν
1117 1799 1156 1877 ἐκ
1173 1802 1247 1877 τῶν
1272 1807 1393 1903 μερῶν
1409 1803 1533 1901 ‹ivry-ro

480 1934 589 2012 καίων
616 1931 762 2012 πάντων
779 1931 927 2034 ἥρμοσε,
946 1935 1004 2010 καὶ
1029 1938 1102 2014 τοῖς
1125 1931 1255 2029 μέλεσι
1282 1940 1378 2013 πᾶσι
1396 1934 1458 2034 τόν
1475 1965 1504 2012 τε

475 2063 567 2168 πρὸς
585 2066 734 2164 ἄλληλα
752 2065 935 2144 κοινωνίαν
957 2062 1157 2167 περιέβαλε,
1177 2067 1236 2143 καὶ
1254 2064 1324 2165 τὴν
1346 2066 1443 2171 παρὰ
1457 2073 1504 2145 τοῦ

477 2200 567 2280 ὅλον
585 2200 760 2305 χορηγίαν
777 2199 1026 2301 ε’πεμετρησεν.
1056 2194 1106 2276 ὧν
1123 2197 1170 2277 τὰ
1181 2199 1248 2297 μὲν
1262 2202 1452 2307 ὁλοσχερῆ,
1460 2202 1503 2282 καὶ

475 2341 550 2417 τοῖς
567 2333 719 2416 ἰδιώταις
737 2334 777 2412 ἐκ
794 2336 858 2430 τῆς
874 2332 1007 2434 πείρας,
1026 2330 1071 2431 ἣν
1085 2331 1156 2436 ἔχει
1174 2333 1336 2433 δύναμιν,
1349 2336 1503 2440 πρόδηλα·

477 2473 639 2575 κεφαλῆς
666 2468 846 2570 ἡγεμονία,
874 2469 933 2546 καὶ
958 2468 1041 2569 περὶ
1066 2464 1131 2547 τόν
1157 2468 1376 2577 ἐγκέφαλον,
1402 2470 1531 2571 ὦσπερις

477 2603 635 2708 ιῖρχοντα
653 2606 691 2682 ἐν
716 2600 908 2705 ἀκροπόλει
933 2607 1004 2680 τῶν
1031 2601 1238 2702 αἰσθήσεων
1266 2606 1289 2703 ἡ
1316 2605 1502 2713 δορυφορίο·

476 2746 695 2838 προσιοῦσαι
715 2740 786 2835 (for.
805 2743 995 2839 προϊοῦσαι
1019 2746 1166 2845 Vigerur.)
1186 2736 1252 2836 μὲν
1271 2739 1387 2845 ὄφεις,
1409 2744 1502 2839 ἀναγ-

476 2873 678 2973 γέλλονσαι
706 2869 744 2950 δὲ
772 2873 884 2966 ἀκοαὶ,
902 2868 1015 2968 ἐδωδὴ
1042 2874 1071 2949 δ’
1100 2869 1225 2975 ὥσπερ
1253 2883 1502 2979 φορολογοῦσα,

477 3051 570 3096 orum,
590 3032 741 3098 viscerum,
757 3030 973 3093 intestinorum,

477 3131 578 3169 sensus
589 3111 858 3175 instrumentorum,
870 3109 974 3166 intrin-

477 3211 560 3249 secus
587 3191 803 3249 extrinsecusve
828 3187 973 3255 conflavit,

477 3291 540 3348 quae
564 3272 662 3328 vivum
685 3291 718 3328 ac
736 3271 847 3346 spirans
871 3287 975 3345 corpus

476 3351 623 3409 efficeret?
648 3351 726 3408 Nam
738 3371 775 3408 ex
789 3350 847 3407 illis
858 3348 973 3428 quidem

477 3431 612 3489 omnibus
625 3432 751 3488 otiosum
770 3430 844 3487 nihil
861 3440 914 3495 est,
929 3427 974 3486 ni-

476 3510 518 3567 hil
540 3510 655 3576 inutile,
677 3531 735 3568 non
756 3510 817 3585 pili,
839 3531 897 3568 non
918 3528 973 3567 nn·

475 3611 557 3667 gues,
573 3611 630 3647 non
646 3602 748 3649 caetera
762 3610 826 3667 que
840 3590 973 3666 abjectis·

476 3672 549 3727 sima
563 3670 654 3728 videri
669 3672 798 3748 possint:
817 3672 914 3728 omnia
927 3666 975 3726 vel

476 3749 513 3807 ad
531 3750 761 3808 constituendam
777 3751 840 3827 ejus
855 3747 973 3828 integri·

477 3840 577 3895 tatem,
593 3830 639 3887 rel
657 3829 694 3887 ad
710 3832 834 3908 speciem
850 3831 974 3908 dignita·

476 3920 594 3985 temque
608 3910 785 3969 conducunt.
821 3910 974 3968 Necenim

476 3990 542 4046 usui
553 3989 696 4048 duntaxat
710 3992 760 4048 uni
775 3990 973 4056 Providentia,

476 4068 527 4127 sed
546 4069 634 4126 etiam
650 4070 841 4147 pulcritudini
862 4090 895 4128 ac
914 4071 974 4128 for·

476 4168 530 4205 rnae
558 4150 705 4227 prospicit.
748 4151 852 4226 ltaque
882 4151 974 4209 totius

476 4228 579 4305 capitis
605 4230 852 4307 propugnaculum
880 4230 972 4307 quod·

476 4306 541 4363 dam
556 4327 589 4365 ac
603 4319 633 4366 te
674 4321 804 4368 mentum
820 4323 971 4370 comaest:

476 4386 563 4443 barba
584 4388 632 4461 ph‘
647 4390 747 4467 oaophi
769 4390 857 4449 decus
878 4402 908 4449 et
929 4412 975 4449 or·

1026 3041 1204 3089 namentum.
1242 3031 1301 3090 llla
1314 3033 1405 3111 igitur
1419 3026 1502 3107 integri

1025 3112 1153 3189 corporis
1176 3111 1298 3169 humani
1327 3124 1453 3172 naturam
1476 3126 1532 3171 exto

1025 3192 1155 3269 partibus
1190 3194 1361 3251 necessariis
1391 3191 1503 3251 omnibus

1025 3272 1246 3347 coagmentavit,
1258 3274 1450 3351 membrisque
1456 3288 1502 3328 on·

1024 3351 1111 3409 nibus
1135 3371 1200 3409 cum
1226 3364 1359 3411 mutuam
1390 3353 1459 3412 inter
1480 3366 1503 3405 te

1025 3431 1257 3489 communionem
1277 3432 1395 3501 indidit,
1410 3445 1464 3492 tun
1475 3445 1502 3485 εἰ

1025 3512 1116 3568 totius
1127 3511 1214 3569 etiam
1226 3513 1333 3589 opibus
1348 3514 1455 3591 prolixe
1465 3506 1531 3569 adli

1024 3591 1142 3648 modum
1157 3611 1190 3649 ac
1209 3590 1370 3651 liberaliter
1390 3593 1503 3653 admenn

1024 3681 1079 3728 est.
1123 3670 1166 3728 Et
1186 3672 1316 3729 membra
1334 3674 1502 3749 quidempo·

1025 3750 1145 3819 tissima,
1160 3771 1246 3828 quam
1269 3752 1329 3809 vim
1350 3765 1382 3812 et
1402 3751 1502 3812 faculta-

1025 3846 1084 3889 tem
1099 3831 1232 3899 habeam,
1251 3851 1309 3889 usu
1325 3843 1356 3891 et
1373 3832 1503 3912 experien-

1025 3912 1067 3968 tia
1087 3911 1141 3988 ipsi
1164 3911 1251 3968 etiarn
1276 3911 1376 3970 idiotae
1395 3912 1532 3973 norunt=3⁰

1026 3991 1128 4069 capitis
1145 3992 1335 4068 principatus,
1351 3993 1426 4051 circa
1442 4007 1503 4049 cere·

1025 4072 1109 4129 hrum
1143 4083 1281 4146 tanquam
1310 4072 1502 4150 imperatorem.

1025 4171 1162 4209 sensuum
1187 4152 1218 4208 in
1242 4150 1372 4228 acropoli
1395 4147 1502 4210 excubia

1025 4241 1112 4308 atque
1139 4230 1280 4309 presidia,
1306 4232 1501 4310 progredientes

1024 4310 1111 4376 oculi,
1126 4330 1211 4369 aures
1232 4313 1355 4371 nuncios
1375 4307 1527 4387 perferen-³⁵

1025 4401 1079 4460 tes,
1093 4401 1228 4468 gustatus
1239 4392 1322 4450 velut
1331 4399 1497 4451 commentum
