4092 5150
485 422 548 487 110
819 418 1198 485 ANNOTATIONES

484 595 582 669 αὐτοῦ,
599 594 846 674 συνελαμβάνετο
860 597 901 680 τῷ
913 591 1033 678 Ἀρείῳ,
1049 596 1124 657 κατδ
1136 598 1190 657 τοῦ
1211 593 1378 657 ἐπισκόπου
1396 599 1518 672 mm*

482 697 606 778 τριόζον
619 697 708 782 αὐτῷ.
752 696 945 760 Soremenns
958 696 1094 782 deniqne
1110 696 1167 760 lib.
1178 695 1200 760 i.
1214 695 1299 759 ffel.
1313 715 1383 779 cap.
1397 713 1448 778 15·
1462 692 1521 756 hac

482 797 598 883 posuit.
632 796 727 880 Ἦρξε
742 801 775 862 δε
794 801 905 863 τοθτον
922 804 983 863 roc
1001 801 1104 881 λόγον
1117 796 1247 880 Ἀρειος,
1263 797 1469 877 τρεσβότερος
1480 798 1521 872 uic

483 901 543 966 κατ’
560 905 710 984 Αἴγυπτον
724 899 962 982 Ἀλεξανδρείας·
985 899 1018 967 δς
1032 902 1065 979 ἐξ
1079 901 1172 984 ἀρχῆς
1190 903 1356 966 σπουδαῖος
1373 897 1452 962 είναι
1464 895 1523 977 secl

482 1003 516 1066 τὸ
532 1005 628 1085 δόγμα
648 1006 744 1082 δόξας,
766 1003 966 1083 νεοτερίζοντι
989 1005 1124 1087 Μελιτίρ
1142 1000 1337 1082 συνέπραττε.
1358 999 1522 1063 καταλιπὸν

481 1108 514 1170 δέ
537 1110 652 1180 τοῦτον,
676 1103 887 1190 ἐχειροτονήθη
909 1103 1045 1172 διόκονος
1064 1107 1147 1186 παρὰ
1169 1103 1288 1186 Πέτρου
1310 1109 1365 1168 τοῦ
1384 1100 1520 1182 Ἀλεξαν-

481 1205 575 1289 δρέων
590 1210 761 1272 ἐπισκόπου·
787 1209 835 1272 καί
855 1205 948 1271 πόλιν
970 1207 1007 1271 αδ
1028 1204 1096 1288 παρ’
1113 1206 1203 1270 αὐτοῦ
1223 1211 1275 1286 τῆς
1289 1207 1453 1286 ἐκκλησίας
1465 1205 1521 1284 ἒξε·

480 1307 592 1388 βλήθή,
603 1311 706 1372 καθότι
720 1309 837 1391 [λίτρον
845 1309 913 1376 τοὺς
924 1313 1071 1373 Μελιτίον
1080 1312 1271 1376 σπουδαστὰς
1281 1309 1521 1391 coementem,

481 1412 530 1474 καὶ
552 1411 586 1474 τὸ
610 1412 707 1475 οὔτᾶν
728 1412 886 1492 βάπτισμα
904 1412 945 1492 μή
962 1409 1172 1491 τροσιεμένον,
1191 1418 1253 1479 τοῖς
1269 1410 1442 1493 γινομένοις
1460 1409 1522 1476 ἐτί-

480 1538 602 1593 σκηττε,
619 1516 667 1578 καὶ
688 1515 809 1596 ἠρεμεῖν
827 1516 880 1579 οὐκ
901 1515 1048 1598 ἠνείχετο.
1069 1513 1135 1578 ἐπεὶ
1149 1516 1183 1578 δέ
1205 1511 1321 1596 Πίτρος
1333 1513 1523 1599 ἐμαρτύρησε,

480 1618 641 1698 συγνόμην
654 1616 779 1696 αἰτήσας
792 1615 954 1701 Ἀχιλλᾶν,
971 1618 1028 1681 διο.
1073 1617 1119 1682 Et
1137 1617 1286 1702 deinceps
1302 1617 1338 1681 in
1356 1619 1459 1704 ejusd.
1472 1619 1522 1683 lib.

479 1718 562 1782 Hinc.
579 1740 645 1782 suae
659 1741 687 1783 o.
703 1738 753 1800 24.
768 1720 809 1783 de
828 1719 960 1783 Meletio
979 1719 1049 1784 haec
1067 1719 1167 1785 habet
1181 1719 1385 1787 δοκοιοοααι.
1410 1721 1524 1804 Ἐφόνή

480 1823 513 1885 δὲ
535 1826 620 1884 τοῦτο
641 1823 676 1901 τῇ
699 1824 815 1907 συνόδῳ
831 1821 967 1906 (synode
985 1822 1136 1902 Nioaenae)
1154 1824 1277 1901 δίκαιον,
1294 1824 1475 1913 λογιζομένρ
1490 1824 1523 1888 τὸ

479 1926 624 2005 προπετὲς
639 1925 686 1988 καί
701 1924 819 2005 ἕτοιμον
834 1927 876 1992 είς
889 1927 1078 2008 χειροτονίαν
1092 1927 1238 1990 Μελιτίαν
1253 1927 1303 1991 καὶ
1321 1933 1381 1992 τεῒν
1398 1931 1437 1992 τὸ
1454 1929 1523 1993 olto

480 2028 681 2107 φρονούντων·
705 2029 784 2091 ὥστε
800 2030 847 2091 καὶ
861 2025 981 2109 Πέτρου
994 2031 1048 2090 τοῦ
1058 2027 1307 2108 μαρτυρήσαντος,
1322 2031 1412 2109 ἤνικα
1428 2033 1523 2114 »lyrim

479 2134 530 2208 τῆς
543 2128 767 2212 Ἀλεξανδρέων
789 2133 959 2210 ἐκκλησίας,
974 2131 1140 2212 φεύγοντος
1161 2133 1210 2195 διδ
1227 2131 1281 2195 τὸν
1300 2135 1369 2198 τότε
1388 2134 1523 2217 διυγμδν,

479 2235 532 2300 τὰς
546 2231 746 2314 διαφερούσας
759 2233 837 2319 αὗτῷ
851 2235 1036 2317 χειροτονίας
1049 2232 1218 2315 ὑφήρπασε.

521 2334 545 2398 J
547 2357 599 2399 am
615 2356 689 2398 vero
703 2334 850 2400 adductis
865 2335 915 2399 his
930 2335 1146 2420 scriptoribus,
1161 2356 1233 2399 enm
1246 2334 1281 2398 iu
1294 2336 1524 2421 Εριρλακίοιιίι

479 2437 632 2522 scriptum
654 2445 754 2512 extet,
772 2440 905 2503 Petrum
920 2461 954 2503 so
974 2440 1158 2524 opposuisse
1174 2436 1307 2503 Meletio
1327 2438 1449 2505 nolenti
1468 2440 1523 2505 cle-

478 2541 571 2615 τίνος,
594 2540 648 2626 qui
671 2540 751 2627 lapsi
773 2549 890 2618 esseut,
912 2542 1080 2629 pristinum
1102 2542 1136 2606 in
1161 2541 1303 2606 ordinem
1321 2543 1475 2630 recipere,
1492 2544 1523 2608 id

478 2665 591 2707 censeo
601 2644 851 2721 memorandum,
862 2644 923 2709 hoc
937 2644 1154 2709 laxamentum
1169 2643 1202 2709 S.
1215 2647 1315 2709 Petro
1327 2647 1522 2732 adscriptum

478 2769 541 2810 non
557 2754 682 2811 tantum
698 2747 918 2811 consuetudini
933 2746 1071 2811 eoclesiae
1087 2747 1248 2824 universae,
1261 2747 1315 2811 sed
1328 2748 1428 2812 etiam
1439 2749 1522 2814 Petri

477 2849 576 2935 ipsius
597 2849 757 2914 adversari
780 2848 957 2924 sententiae,
974 2848 1028 2933 qui
1051 2848 1083 2911 in
1105 2849 1234 2914 (lenone
1252 2871 1311 2913 suo
1328 2851 1375 2914 X.
1396 2852 1524 2916 clericos

477 2952 594 3035 lapsos,
617 2952 678 3017 etsi
700 2960 861 3017 certamen
883 2951 1216 3038 redintegraverint‚a
1237 2974 1329 3016 sacro
1350 2953 1523 3018 ministerio

476 3055 630 3119 arcendos
649 3078 717 3118 esse
737 3055 862 3119 statuit.
909 3055 1001 3136 Quod
1018 3054 1102 3118 enim
1124 3054 1262 3140 positum
1278 3056 1385 3120 estin
1407 3078 1524 3121 canone

477 3159 619 3245 proxime
641 3165 802 3242 sequente,
818 3158 850 3220 id
872 3158 912 3221 de
934 3157 1022 3220 laicis
1044 3164 1171 3221 tantum
1191 3156 1468 3241 interpretandum
1482 3158 1522 3221 vi·

476 3261 580 3324 detur.
626 3261 665 3322 In
689 3260 749 3323 hac
768 3281 842 3323 vero
863 3259 953 3323 Petri
972 3258 1175 3324 accusatione
1194 3261 1273 3324 bene
1288 3263 1434 3326 notanda
1451 3271 1523 3326 sunt

476 3363 572 3426 verba
588 3361 819 3446 Epiphaniaua,
834 3362 958 3427 initium
969 3383 1088 3435 versus,
1098 3362 1127 3425 ol
1140 3361 1200 3426 κατ’
1210 3363 1345 3444 ἀνάγκην
1359 3366 1409 3427 καὶ
1420 3366 1522 3431 θυσίας

477 3465 647 3547 ἐφόψοντο,
664 3486 735 3528 cum
757 3465 808 3530 ille
831 3466 862 3528 iu
881 3467 1010 3532 (lenone
1030 3487 1087 3528 suo
1110 3465 1294 3550 penultimo,
1314 3487 1377 3529 non
1396 3474 1522 3531 tantum

475 3568 682 3632 absolvendos
707 3590 772 3645 eos,
797 3570 852 3632 sed
882 3567 980 3634 etiam
1009 3567 1240 3632 confessoribus
1268 3568 1522 3633 adnumerandus

474 3676 610 3746 statuat,
626 3691 759 3753 quorum
774 3692 887 3735 manus
901 3671 931 3734 vi
947 3671 1044 3736 tracti
1059 3680 1165 3735 essent
1179 3671 1220 3735 ab
1232 3670 1411 3735 infidelibus
1423 3672 1523 3735 ἀκοντὶ

474 3777 513 3857 τῷ
529 3771 636 3856 ἀνιέρῳ
653 3771 767 3852 θύματι.
806 3773 852 3836 Hi
876 3773 1021 3838 extitisse
1044 3774 1191 3838 videntur
1210 3782 1278 3837 tam
1298 3772 1403 3836 clerici
1428 3794 1521 3857 qnam

473 3874 544 3938 laici
554 3901 564 3952 ;
595 3882 693 3959 atque
714 3875 788 3938 inde
809 3874 954 3939 fortassis
976 3875 1217 3961 Epiphanianus
1239 3881 1354 3938 auctor
1372 3873 1407 3938 S.
1424 3874 1521 3938 Petro

473 3976 661 4039 calumniam
676 3975 831 4061 duplicem
846 3977 983 4042 intendit
998 3979 1039 4041 ad
1055 3977 1237 4041 clericorum
1252 3984 1286 4040 et
1305 3976 1459 4040 laicorum
1474 3999 1521 4039 re·

473 4078 649 4161 ceptionem
667 4080 896 4163 pertinentem
923 4081 1012 4165 cujus
1034 4087 1142 4144 tamen
1166 4079 1349 4143 benevolam
1371 4100 1449 4163 erga
1470 4100 1520 4142 co·

472 4188 562 4244 actos
577 4184 768 4247 sententiam
780 4184 813 4246 in
823 4183 952 4246 Oauone
963 4204 1020 4246 suo
1032 4181 1129 4246 tertio
1143 4181 1392 4267 comprobarunt
1407 4193 1443 4245 et
1456 4200 1520 4243 am·

473 4281 558 4365 plexi
580 4291 654 4347 sunt
670 4285 834 4369 Aneyrani
849 4284 979 4349 Concilii
1003 4292 1122 4369 patres.
1160 4289 1257 4346 Τοῦτο
1280 4286 1313 4346 δὲ
1337 4283 1454 4361 ὁμοίως,
1475 4280 1520 4344 in·

473 4383 594 4467 quiunt,
610 4388 661 4449 ἐπί
672 4411 704 4449 τε
716 4393 775 4450 τῶν
791 4389 823 4451 ἐκ
838 4391 891 4449 τοῦ
902 4387 1011 4467 κλήρου
1024 4387 1140 4450 καὶτῶν
1151 4387 1255 4449 ἄλλων
1265 4390 1388 4456 λαϊκῶν,
1402 4381 1518 4447 scilicet
