4092 5150
485 433 551 496 304
672 431 945 497 CONCILIUM
969 430 1298 496 ARELATENSE
1322 430 1352 493 1.

530 603 752 683 Ambitausus,
777 603 993 678 bTennatius,
1020 603 1189 681 Merocles,
1217 603 1355 679 Pardus,
1381 602 1527 680 Adelfim,

528 716 739 792 cHibernius,
762 717 970 788 Fortunatus,
985 714 1200 788 dAristasius,
1221 713 1432 799 Lampadius,
1448 715 1528 779 Vita-

527 827 577 902 lis,
599 826 778 902 Maternus,
796 827 953 903 Liberius,
965 825 1147 911 Gregorius,
1170 828 1337 904 Crescens,
1353 825 1526 902 Avitianus,

528 939 661 1012 Dsfnus,
694 939 874 1016 Orientalis,
905 937 1101 1020 Quintasius,
1136 937 1256 1015 Victor,
1291 936 1471 1023 Epictetus,
1497 937 1526 1000 iu

527 1050 665 1114 Domino
679 1058 832 1114 aeternom
847 1049 990 1114 salutern.

527 1161 682 1224 Cosmum
713 1160 825 1245 copula
853 1159 997 1224 caritatis
1028 1166 1062 1223 et
1092 1159 1217 1222 unitate
1246 1159 1364 1223 matris
1393 1159 1524 1224 ecclesie

483 1271 646 1335 catholicae
667 1272 790 1335 vinculo
813 1271 1012 1343 inhaerentss,
1039 1270 1080 1333 ad
1107 1268 1344 1334 Arelatensium
1370 1269 1523 1335 civitaten

482 1380 614 1464 piissimi
641 1380 848 1466 Imperatoris
874 1379 1037 1444 voluntate
1060 1378 1199 1452 adducti,
1224 1379 1300 1441 inde
1323 1385 1369 1452 te,
1395 1378 1520 1464 eglorie

483 1491 604 1556 sissime
635 1495 737 1578 Papa,
766 1491 982 1557 *commerita
1011 1492 1189 1556 reverentia
1217 1491 1408 1556 salutemus.
1463 1491 1518 1555 Ubi

480 1626 594 1688 graves
608 1625 646 1667 ac
660 1603 852 1688 perniciosos
871 1602 932 1687 legi
952 1611 1071 1666 nostrae
1091 1610 1188 1685 atque
1203 1602 1383 1678 traditioni,
1398 1601 1516 1667 effrem·

481 1720 587 1796 taeque
601 1713 717 1777 mentis
732 1712 874 1775 homines
888 1710 1092 1796 pertulimus:
1115 1733 1193 1795 quos
1207 1718 1241 1775 et
1258 1711 1320 1775 Dei
1335 1712 1436 1776 nostri
1450 1733 1515 1796 pne

480 1844 553 1885 sens
574 1822 758 1898 auotoritas,
775 1829 809 1885 et
828 1820 961 1885 traditio
981 1844 1019 1885 ac
1040 1821 1148 1906 regule
1170 1820 1317 1885 veritatis
1337 1821 1384 1885 ita
1398 1819 1512 1904 respuit,

480 1940 517 1997 ut
532 1934 618 1997 nulla
633 1933 665 1996 in
681 1933 741 1996 illis
755 1942 812 1998 aut
826 1933 951 1998 dicendi
965 1933 1050 1998 rstio
1069 1932 1267 2011 subsisteret,
1282 1942 1343 1997 aut
1362 1929 1510 1997 accusandi

481 2045 593 2107 modus
614 2045 704 2121 ullus,
720 2052 778 2109 aut
799 2044 948 2129 probatio
963 2043 1160 2107 conveniret:
1188 2043 1260 2107 ideo
1278 2040 1388 2127 judice
1407 2042 1471 2105 Deo
1484 2044 1507 2101 et

480 2163 582 2218 matre
597 2154 738 2231 ecclesia,
756 2175 827 2238 quae
845 2175 919 2217 suos
939 2152 1028 2216 novit
1043 2158 1076 2215 et
1096 2153 1293 2233 comprobat,
1309 2158 1367 2216 aut
1386 2146 1506 2214 damnati

480 2273 564 2342 sunt,
587 2271 645 2328 aut
667 2263 793 2348 repulsi.
840 2263 885 2328 Et
907 2263 1040 2340 utinam,
1056 2262 1156 2326 frater
1177 2261 1389 2339 dilectissime,
1404 2262 1443 2326 ad
1462 2260 1503 2322 hoe

479 2380 606 2438 tantum
621 2373 834 2458 spectaculum
849 2373 1001 2437 interesse
1016 2373 1099 2437 tanti
1114 2372 1250 2436 fecisses.
1296 2373 1443 2437 Profecto
1456 2391 1501 2434 cre

478 2485 593 2562 dimus,
615 2484 689 2569 quia
711 2485 743 2547 in
766 2506 820 2548 eos
841 2483 978 2548 severior
1000 2483 1111 2547 fuisset
1133 2483 1294 2548 sententia
1319 2485 1457 2567 prolata:
1476 2484 1499 2542 et

479 2611 513 2660 te
528 2597 649 2681 pariter
668 2596 831 2660 nobiscum
847 2596 1021 2680 judicante,
1038 2603 1139 2661 coetus
1154 2604 1264 2660 noster
1278 2599 1399 2682 majore
1411 2591 1497 2659 laetitia

478 2707 663 2772 exultasset.
708 2708 771 2771 Sed
787 2708 935 2792 quoniam
956 2708 1102 2772 recedere
1121 2730 1141 2771 a
1160 2708 1307 2793 partibus
1326 2708 1384 2771 illis
1398 2706 1496 2769 minine

478 2818 619 2903 potuisti,
647 2819 679 2881 in
703 2818 816 2903 quibus
840 2826 873 2883 et
896 2820 1032 2904 apostoli
1057 2819 1198 2904 quotidie
1224 2820 1348 2896 sedent,
1374 2828 1406 2884 et
1429 2832 1496 2882 cruor

478 2929 617 3014 ipsorum
648 2930 714 2992 sine
744 2930 973 2995 intermissione
1000 2930 1061 2994 Dei
1088 2930 1222 3015 gloriam
1248 2937 1397 2995 testatur.
1445 2925 1494 2989 Non

477 3046 586 3103 temen
601 3040 669 3103 haec
684 3039 751 3103 sole
767 3042 857 3103 nobis
872 3041 938 3104 visa
953 3047 1028 3104 sunt
1042 3040 1224 3119 tractanda,
1239 3040 1341 3104 frater
1355 3037 1492 3104 carissime,
1534 3114 1536 3119 Ι

477 3152 518 3213 ad
535 3173 605 3235 quse
621 3152 780 3215 fueramus
794 3151 930 3216 invitati.
976 3151 1038 3216 Sed
1055 3159 1088 3216 et
1103 3152 1329 3216 consulendum
1345 3142 1493 3230 nobisipsis

477 3263 669 3326 censuimus:
694 3270 728 3327 et
751 3285 822 3326 cum
844 3263 975 3328 diversae
995 3264 1059 3327 sint
1081 3264 1249 3349 provinciae
1272 3286 1313 3329 ex
1335 3263 1441 3350 quibus
1455 3254 1492 3320 ssl-

477 3372 628 3448 venimus,
639 3374 686 3436 ita
697 3380 730 3436 et
745 3373 834 3436 varia
847 3373 1046 3455 contingunt,
1057 3396 1128 3457 quse
1139 3396 1197 3437 nos
1209 3396 1372 3440 censemus
1387 3374 1490 3451 †obser·

476 3504 550 3545 vare
579 3483 702 3546 debere.
750 3482 875 3546 Placuit
901 3505 987 3568 ergo,
1015 3491 1172 3569 praesente
1203 3486 1325 3570 Spiritu
1354 3491 1451 3551 sancto
1467 3481 1489 3538 tl

477 3590 597 3675 angelis
612 3591 690 3675 ejus,
706 3599 742 3655 ut
757 3599 791 3656 et
811 3592 860 3655 his
874 3592 927 3678 qui
948 3592 1087 3678 singulos
1102 3616 1181 3678 quos
1186 3642 1351 3659 ............
1355 3588 1487 3657 fmovebet

471 3701 617 3784 judicare
632 3702 843 3786 proferremus
859 3703 898 3766 de
915 3703 1022 3789 quiete
1038 3706 1198 3789 praesenti.
1243 3706 1259 3789 ss
1273 3705 1395 3771 Placuit
1407 3701 1485 3768 etiam,

507 3931 589 3980 bMS.
604 3932 775 3981 Terminatiua
855 3934 940 3993 <sorte
951 3934 1066 3983 Eburius.
1140 3938 1152 3975 d
1159 3938 1227 3996 sorte
1235 3938 1384 3986 Anastasius.
1446 3919 1483 3967 Μ’·

474 4014 655 4076 religiosissime.
763 4017 823 4063 {Itu
836 4018 894 4064 MS.
907 4018 1007 4066 vortere.
1020 4019 1061 4079 qui
1072 4024 1095 4065 el
1108 4017 1229 4065 Peteon.
1240 4020 1356 4067 eedlocrrs
1365 4013 1483 4063 Mearm

472 4098 576 4143 mutilus.

506 4251 519 4276 ¹
531 4252 597 4314 (cum
609 4254 702 4311 merita,
714 4256 868 4314 Auprutinus
881 4256 972 4302 Contra
986 4255 1138 4302 Crescentem
1150 4253 1184 4300 iii.
1195 4252 1248 4316 81.)
1333 4249 1414 4313 †(for.
1422 4239 1478 4287 W·

471 4333 544 4396 vari.)
663 4340 676 4393 ξ
688 4334 789 4397 (Habet,
802 4335 895 4383 Placuit
905 4336 977 4384 etiam
988 4345 1116 4397 antequam
1126 4350 1141 4382 a
1151 4346 1183 4395 ts,
1195 4336 1340 4384 Simonem.
1362 4310 1476 4380 Art-W
1556 4345 1558 4352 ·

472 4415 566 4463 Placuit
574 4416 645 4463 etiam
658 4417 784 4478 antiquum
797 4417 926 4478 approbata
937 4432 952 4464 a
963 4415 1017 4478 tei)
