4092 5150
474 405 517 473 76
808 407 1186 472 ANNOTATIONES

473 597 531 640 neo
542 575 663 659 jejunia
677 578 813 660 agendo,
828 598 885 640 noo
900 599 1005 663 genno
1019 600 1090 642 esse
1102 578 1270 654 fleetendn,
1285 578 1445 664 majorum
1458 587 1516 644 tue.

474 678 593 741 ditione
608 685 642 742 et
656 678 809 743 universae
824 680 963 744 eenleeioe
983 703 1071 744 more
1086 702 1207 767 usuque
1227 680 1410 766 appellatis.
1455 682 1518 761 Vin

475 801 565 862 oupp.
584 801 646 840 nxx
663 788 697 844 et
712 803 798 845 nxxi.

521 882 559 942 P.
568 901 620 962 45.
636 881 655 942 l.
672 885 718 943 18.
739 882 981 966 παρειλήφαμεν]
1000 882 1061 946 nit
1081 883 1243 947 Zonaras:
1266 883 1455 963 Σημειιιτέον
1473 886 1523 948 orio

476 981 510 1045 τὸ
534 981 772 1063 παρειλήφαμεν,
797 986 844 1047 καὶ
867 984 901 1059 τὸΙ
926 988 1000 1048 nord
1026 984 1191 1065 παράδοσιν
1213 985 1282 1063 ἡμῖν
1301 987 1523 1066 προστέτακται.

477 1085 637 1167 κᾴντεῦθεν
651 1088 709 1165 γὰρ
724 1088 872 1166 φαίνεται,
888 1088 934 1149 ὅτι
952 1083 984 1149 τὸ
1005 1086 1055 1148 ἐπὶ
1071 1083 1183 1166 μακρόν
1198 1089 1350 1166 κρατῆσαν
1368 1087 1447 1160 ἔθος,
1462 1087 1526 1151 tort

478 1188 569 1264 νόμον
582 1186 770 1266 λελόγισται,
792 1185 809 1250 ὁ
825 1190 857 1250 δὲ
871 1186 965 1268 μέγας
981 1187 1142 1252 Βασίλειος
1157 1187 1204 1251 καὶ
1223 1190 1275 1254 τᾶς
1294 1190 1391 1256 αἰτίας
1410 1190 1526 1270 προστί-

478 1292 566 1366 θησιν
582 1285 616 1349 δι’
633 1285 669 1355 δς
689 1289 887 1370 ἀπηγόρευται
908 1289 1021 1351 κλίνειν
1036 1289 1070 1350 έν
1086 1291 1216 1374 Κυριακῇ
1235 1290 1320 1369 γόνυ,
1337 1291 1387 1354 καὶ
1401 1287 1460 1354 ὰπὸ
1478 1295 1528 1355 τοῦ.

478 1387 583 1471 πόσχα
600 1387 688 1470 μέχρι
708 1392 760 1467 τῆς
781 1391 988 1466 πεντηκοστῆς.
1014 1387 1167 1468 ἀνάγνωθι
1186 1390 1234 1452 καὶ
1254 1389 1306 1453 τὸν
1320 1390 1374 1469 fr'.
1398 1393 1525 1455 ἀποστο-

476 1488 559 1552 λικὸν
582 1491 704 1564 κανόνα,
728 1491 776 1553 καὶ
797 1487 853 1566 ξθ’.
901 1488 1003 1552 Locus
1018 1489 1050 1552 S.
1062 1489 1171 1552 Basilii
1187 1489 1234 1553 M.
1256 1500 1307 1556 oet
1327 1491 1358 1554 in
1382 1490 1465 1555 libro
1480 1492 1526 1555 Do

477 1591 599 1676 Spiritu
616 1594 650 1653 S.
666 1591 770 1675 cupite
787 1609 837 1671 27.
854 1590 907 1674 qui
929 1590 974 1653 oio
997 1589 1127 1674 inoipit;
1154 1588 1259 1670 Ὀρθοὶ
1280 1595 1337 1672 μέν
1358 1598 1528 1673 πληροΰμεν

478 1696 530 1758 τὰς
545 1693 634 1774 εὐχὰς
649 1694 683 1754 έν
697 1693 731 1770 τῇ
746 1692 798 1774 μιᾷ
822 1698 874 1755 τοῦ
896 1690 1066 1770 σαββάτου·
1090 1692 1142 1755 τὸν
1158 1695 1190 1756 δέ
1204 1695 1300 1774 λόγου
1311 1694 1347 1757 οὗ
1362 1694 1472 1762 πάντες
1485 1698 1525 1758 ol·

478 1797 581 1871 δαμεν.
608 1793 642 1854 οὐ
664 1797 722 1873 γὰρ
741 1795 835 1870 μόνον
857 1795 895 1859 ὣς
917 1791 1161 1860 συναναστάντες
1183 1798 1312 1879 Χριστῷ,
1339 1797 1389 1875 καὶ
1409 1800 1447 1859 τὰ
1469 1798 1529 1861 ὄντα

480 1895 577 1973 ζητεῖν
591 1895 777 1976 ὀφείλοντες,
796 1895 830 1956 έν
844 1898 880 1977 τῇ
896 1895 1091 1978 ἀναστασίμῳ
1106 1893 1207 1979 ἡμέρα,
1223 1899 1274 1973 τῆς
1288 1896 1448 1977 δεδομένης
1461 1898 1530 1976 ἡμῖν.

479 1999 599 2084 χαρίτος
614 1999 662 2059 διὸ
682 1999 734 2073 τῆς
755 1999 829 2058 κατὰ
848 1996 901 2073 τὴν
923 1994 1095 2077 προσευχὴν
1110 1993 1245 2062 στάσεως
1260 1998 1383 2063 ἑαυτοὺς
1400 1997 1528 2076 ὑπομνή-

479 2120 600 2177 σκομεν·
621 2096 689 2160 ἀλλ’
706 2099 752 2159 ότι
767 2101 849 2160 δοκεῖ
862 2121 923 2162 ποις
937 2099 989 2158 τοῦ
1003 2097 1250 2175 προσδοκωμένου
1270 2100 1377 2166 αἰῶνος
1399 2099 1478 2163 εἶναι
1491 2102 1529 2167 εἶτ

481 2201 547 2263 κόν·
572 2199 617 2262 διὸ
634 2200 682 2261 καὶ
702 2198 780 2279 ἀρχὴ
800 2199 877 2261 οὖσα
899 2199 1014 2276 ἡμερῶν
1028 2197 1086 2260 &o
1102 2206 1178 2260 tom.
1191 2197 1233 2262 iii.
1252 2220 1281 2284 p.
1291 2204 1344 2283 56.
1360 2200 1412 2264 ed.
1428 2200 1527 2264 Bene·

479 2298 589 2364 dictin.
632 2298 746 2382 Agunt
777 2300 919 2370 Οοιιοιιει,
944 2298 997 2381 qui
1029 2299 1236 2382 Apostolorum
1258 2301 1474 2386 appellantur,
1499 2302 1530 2382 in

480 2401 614 2464 Zonaiae
631 2399 867 2464 Commentario
883 2399 935 2461 hie
949 2400 1128 2486 memorati,
1145 2400 1184 2464 de
1200 2401 1369 2467 Dominioa
1384 2404 1531 2507 feriisque

481 2510 596 2596 quarto
612 2509 643 2563 ot
660 2508 763 2579 sexto

774 2773 837 2835 DE
860 2773 1242 2848 D1v1N1TATE,&c„-

527 2908 564 2970 Ρ.
577 2909 630 2986 46.
645 2907 664 2970 l.
677 2928 706 2973 2.
728 2906 845 2986 Πέτρου
865 2913 918 2972 τοῦ
936 2908 1100 2989 ἅγιωτότου
1114 2911 1186 2993 ὅσα]
1208 2909 1296 2983 Trou,
1312 2931 1385 2993 quae
1400 2931 1532 2993 sequun-

483 3016 549 3085 tur,
562 3009 662 3089 ῥήσεις
674 3008 705 3071 in
723 3008 856 3072 Oooeilio
867 3018 981 3073 extant
991 3009 1143 3094 Ερόοςίιιο
1156 3011 1230 3075 Aet.
1240 3010 1267 3073 I.
1281 3031 1354 3096 png.
1362 3011 1438 3093 508.
1455 3019 1530 3074 tom.

482 3111 525 3174 iii.
543 3110 655 3173 Cornell.
672 3111 722 3173 ed.
740 3109 879 3186 Labbaei,
896 3117 929 3174 et
947 3110 1061 3174 Latine
1084 3111 1116 3173 in
1134 3111 1244 3175 Oooeil.
1262 3112 1400 3177 otokod.
1420 3114 1493 3177 Aet.
1504 3111 1530 3174 l.

483 3235 514 3296 p.
526 3213 597 3275 286.
614 3220 690 3275 torn
703 3212 742 3275 iv.
760 3211 872 3275 Ooneil.
895 3211 1025 3295 perinde
1046 3219 1143 3298 atque
1165 3213 1250 3297 apud
1273 3219 1413 3277 veterem
1432 3214 1528 3277 inter·

483 3314 694 3399 pretationem
711 3314 815 3377 Moroi
840 3314 1032 3378 Mercatoris
1054 3316 1272 3399 Eoootptorum
1289 3314 1440 3399 Eplonini
1459 3318 1532 3379 Gon·

484 3416 551 3480 oilli
574 3416 607 3479 in
632 3416 706 3479 odit.
729 3415 848 3479 Boluzii
875 3438 906 3499 p.
926 3432 995 3499 175.
1044 3416 1195 3480 Prolatae
1217 3415 1287 3479 illus
1311 3416 1414 3496 ῥήσεις
1436 3427 1531 3502 utque

484 3518 642 3582 adductos
660 3517 757 3581 luisse
780 3516 908 3600 Ephesi,
925 3540 989 3581 una
1011 3541 1083 3581 nuru
1105 3518 1174 3582 aliis
1194 3516 1383 3601 quibusdum
1406 3526 1532 3602 potrum

485 3618 630 3682 undecim
650 3617 738 3692 loeis,
751 3640 771 3680 α
787 3618 820 3679 S.
833 3617 950 3701 (tyrillo
973 3618 1201 3693 Alexandrino,
1217 3626 1357 3683 testatus
1371 3630 1424 3683 est
1443 3627 1532 3684 sexto

485 3720 642 3784 existente
653 3719 768 3783 eaeeulo
781 3720 944 3802 Hypatius
956 3719 1135 3804 Ephesinue
1145 3721 1310 3804 episeopus
1321 3720 1352 3782 in
1370 3720 1533 3785 collatum

485 3843 552 3885 ουοι
571 3820 744 3905 Δοσμόοόιζς.
776 3819 846 3883 Vid.
862 3827 938 3884 tom.
952 3819 992 3882 iv.
1015 3820 1129 3884 Ooneil.
1151 3843 1182 3903 p.
1199 3825 1289 3903 1766.
1327 3824 1442 3907 Atque
1460 3832 1533 3888 ante

486 3922 563 3988 illud
588 3932 714 4007 tempus
741 3945 799 4008 pro
825 3923 906 3986 vorin
931 3923 1051 4007 ugnitae
1080 3924 1216 4000 luerunt,
1240 3932 1277 3989 ut
1305 3925 1375 4009 ipen
1407 3925 1534 3990 Couoilii

486 4023 633 4108 optarim?
660 4024 738 4086 Acta
763 4030 899 4100 taceam,
921 4047 941 4088 α
970 4025 1136 4088 Vincentio
1166 4025 1325 4100 Lirinensi
1351 4027 1383 4089 in
1410 4028 1534 4113 egregio

487 4146 545 4187 suo
564 4125 803 4203 Commonitorio,
818 4126 922 4209 cupite
937 4144 988 4207 42.
1035 4126 1176 4204 Interea,
1191 4135 1228 4193 ut
1243 4128 1350 4210 obiter
1364 4128 1398 4191 id
1419 4136 1533 4204 notem,

488 4247 558 4289 oum
575 4225 596 4288 J
597 4226 678 4289 nlius
694 4226 858 4292 Romanus
871 4228 1036 4313 episeopus
1050 4249 1132 4291 unus
1146 4250 1186 4293 ex
1200 4227 1239 4292 iis
1254 4229 1400 4313 putribus
1416 4230 1534 4304 extitit,

488 4349 567 4412 qnos
586 4327 766 4393 adduxerat
786 4328 931 4411 Oyrillue,
946 4351 967 4398 α
983 4329 1122 4394 Leontio
1137 4328 1316 4414 Byzantion.
1328 4341 1445 4421 penten
1454 4354 1534 4400 nomi
