<?xml version="1.0" encoding="UTF-8"?>
<!DOCTYPE html PUBLIC "-//W3C//DTD XHTML 1.0 Transitional//EN"
    "http://www.w3.org/TR/xhtml1/DTD/xhtml1-transitional.dtd">
<html xmlns="http://www.w3.org/1999/xhtml" xml:lang="en" lang="en">
 <head>
  <title>
</title>
<meta http-equiv="Content-Type" content="text/html;charset=utf-8" />
  <meta name='ocr-system' content='tesseract 3.04.00' />
  <meta name='ocr-capabilities' content='ocr_page ocr_carea ocr_par ocr_line ocrx_word'/>
</head>
<body>
  <div class='ocr_page' id='page_1' title='image "./reliquiaesacrae03routgoog_0009.png"; bbox 0 0 4092 5150; ppageno 0'>
   <div class='ocr_carea' id='block_1_1' title="bbox 786 1304 1214 1391">
    <p class='ocr_par' dir='ltr' id='par_1_1' title="bbox 786 1304 1214 1391">
     <span class='ocr_line' id='line_1_1' title="bbox 786 1304 1214 1391; baseline 0.002 -3"><span class='ocrx_word' id='word_1_1' title='bbox 786 1304 1126 1391; x_wconf 87' lang='lat' dir='ltr'><strong>LECTORI</strong></span> <span class='ocrx_word' id='word_1_2' title='bbox 1171 1306 1214 1389; x_wconf 85' lang='lat' dir='ltr'>S.</span> 
     </span>
    </p>
   </div>
   <div class='ocr_carea' id='block_1_2' title="bbox 863 1544 1144 1586">
    <p class='ocr_par' dir='ltr' id='par_1_2' title="bbox 863 1544 1144 1586">
     <span class='ocr_line' id='line_1_2' title="bbox 863 1544 1144 1586; baseline 0.007 -17"><span class='ocrx_word' id='word_1_3' title='bbox 863 1544 1144 1586; x_wconf 49' lang='lat'>4-</span> 
     </span>
    </p>
   </div>
   <div class='ocr_carea' id='block_1_3' title="bbox 476 1719 1529 2501">
    <p class='ocr_par' dir='ltr' id='par_1_3' title="bbox 476 1719 1529 2501">
     <span class='ocr_line' id='line_1_3' title="bbox 479 1719 1527 1839; baseline -0.002 -23"><span class='ocrx_word' id='word_1_4' title='bbox 479 1719 601 1818; x_wconf 81' lang='lat' dir='ltr'>CUM</span> <span class='ocrx_word' id='word_1_5' title='bbox 619 1742 781 1818; x_wconf 73' lang='lat' dir='ltr'>concilii</span> <span class='ocrx_word' id='word_1_6' title='bbox 793 1743 986 1839; x_wconf 84' lang='lat' dir='ltr'>Ancyrani</span> <span class='ocrx_word' id='word_1_7' title='bbox 999 1743 1173 1818; x_wconf 82' lang='lat' dir='ltr'>Oenones</span> <span class='ocrx_word' id='word_1_8' title='bbox 1186 1743 1235 1819; x_wconf 85' lang='lat' dir='ltr'>ad</span> <span class='ocrx_word' id='word_1_9' title='bbox 1253 1743 1324 1817; x_wconf 91' lang='lat' dir='ltr'>hoo</span> <span class='ocrx_word' id='word_1_10' title='bbox 1339 1740 1527 1817; x_wconf 91' lang='lat' dir='ltr'>Volumen</span> 
     </span>
     <span class='ocr_line' id='line_1_4' title="bbox 477 1875 1529 1971; baseline -0.002 -22"><span class='ocrx_word' id='word_1_11' title='bbox 477 1877 660 1951; x_wconf 91' lang='lat' dir='ltr'>ultimum</span> <span class='ocrx_word' id='word_1_12' title='bbox 671 1880 756 1971; x_wconf 89' lang='lat' dir='ltr'>jam</span> <span class='ocrx_word' id='word_1_13' title='bbox 772 1876 957 1951; x_wconf 88' lang='lat' dir='ltr'>reservati</span> <span class='ocrx_word' id='word_1_14' title='bbox 974 1876 1128 1964; x_wconf 80' lang='lat' dir='ltr'>iirerint</span> <span class='ocrx_word' id='word_1_15' title='bbox 1147 1878 1194 1951; x_wconf 92' lang='lat' dir='ltr'>de</span> <span class='ocrx_word' id='word_1_16' title='bbox 1212 1878 1365 1952; x_wconf 88' lang='lat' dir='ltr'>Canone</span> <span class='ocrx_word' id='word_1_17' title='bbox 1383 1875 1529 1949; x_wconf 87' lang='lat' dir='ltr'>decimo</span> 
     </span>
     <span class='ocr_line' id='line_1_5' title="bbox 476 2006 1529 2113; baseline -0.002 -33"><span class='ocrx_word' id='word_1_18' title='bbox 476 2007 595 2080; x_wconf 81' lang='lat' dir='ltr'>tertio</span> <span class='ocrx_word' id='word_1_19' title='bbox 611 2007 675 2081; x_wconf 90' lang='lat' dir='ltr'>hic</span> <span class='ocrx_word' id='word_1_20' title='bbox 690 2007 925 2081; x_wconf 89' lang='lat' dir='ltr'>monendum</span> <span class='ocrx_word' id='word_1_21' title='bbox 942 2012 1012 2093; x_wconf 91' lang='lat' dir='ltr'>cst,</span> <span class='ocrx_word' id='word_1_22' title='bbox 1024 2030 1087 2082; x_wconf 92' lang='lat' dir='ltr'>me</span> <span class='ocrx_word' id='word_1_23' title='bbox 1103 2014 1244 2103; x_wconf 87' lang='lat' dir='ltr'>practer</span> <span class='ocrx_word' id='word_1_24' title='bbox 1257 2006 1413 2113; x_wconf 82' lang='lat' dir='ltr'>solitum</span> <span class='ocrx_word' id='word_1_25' title='bbox 1430 2006 1471 2079; x_wconf 95' lang='lat' dir='ltr'>in</span> <span class='ocrx_word' id='word_1_26' title='bbox 1484 2027 1529 2079; x_wconf 90' lang='lat' dir='ltr'>eo</span> 
     </span>
     <span class='ocr_line' id='line_1_6' title="bbox 479 2139 1528 2234; baseline 0 -23"><span class='ocrx_word' id='word_1_27' title='bbox 479 2140 704 2234; x_wconf 86' lang='lat' dir='ltr'>exponendo</span> <span class='ocrx_word' id='word_1_28' title='bbox 717 2139 850 2214; x_wconf 78' lang='lat' dir='ltr'>fusiori</span> <span class='ocrx_word' id='word_1_29' title='bbox 863 2140 1034 2214; x_wconf 88' lang='lat' dir='ltr'>oratione</span> <span class='ocrx_word' id='word_1_30' title='bbox 1046 2163 1160 2215; x_wconf 92' lang='lat' dir='ltr'>usum</span> <span class='ocrx_word' id='word_1_31' title='bbox 1173 2141 1301 2227; x_wconf 76' lang='lat' dir='ltr'>brisso,</span> <span class='ocrx_word' id='word_1_32' title='bbox 1314 2160 1385 2213; x_wconf 89' lang='lat' dir='ltr'>nec</span> <span class='ocrx_word' id='word_1_33' title='bbox 1397 2146 1528 2212; x_wconf 88' lang='lat' dir='ltr'>tamen</span> 
     </span>
     <span class='ocr_line' id='line_1_7' title="bbox 479 2270 1529 2368; baseline -0.001 -24"><span class='ocrx_word' id='word_1_34' title='bbox 479 2276 592 2345; x_wconf 85' lang='lat' dir='ltr'>extra</span> <span class='ocrx_word' id='word_1_35' title='bbox 616 2271 721 2346; x_wconf 86' lang='lat' dir='ltr'>oleas</span> <span class='ocrx_word' id='word_1_36' title='bbox 736 2278 911 2368; x_wconf 85' lang='lat' dir='ltr'>vagante,</span> <span class='ocrx_word' id='word_1_37' title='bbox 930 2270 1117 2367; x_wconf 86' lang='lat' dir='ltr'>siquidem</span> <span class='ocrx_word' id='word_1_38' title='bbox 1138 2272 1222 2346; x_wconf 85' lang='lat' dir='ltr'>haec</span> <span class='ocrx_word' id='word_1_39' title='bbox 1246 2293 1326 2344; x_wconf 88' lang='lat' dir='ltr'>una</span> <span class='ocrx_word' id='word_1_40' title='bbox 1342 2270 1459 2344; x_wconf 88' lang='lat' dir='ltr'>verba</span> <span class='ocrx_word' id='word_1_41' title='bbox 1480 2292 1529 2343; x_wconf 86' lang='lat' dir='ltr'>ex</span> 
     </span>
     <span class='ocr_line' id='line_1_8' title="bbox 478 2403 1529 2501; baseline 0 -24"><span class='ocrx_word' id='word_1_42' title='bbox 478 2403 584 2477; x_wconf 91' lang='lat' dir='ltr'>omni</span> <span class='ocrx_word' id='word_1_43' title='bbox 600 2425 783 2500; x_wconf 88' lang='lat' dir='ltr'>germana</span> <span class='ocrx_word' id='word_1_44' title='bbox 798 2405 1029 2500; x_wconf 84' lang='lat' dir='ltr'>antiquitate</span> <span class='ocrx_word' id='word_1_45' title='bbox 1046 2405 1279 2501; x_wconf 86' lang='lat' dir='ltr'>presbyteris</span> <span class='ocrx_word' id='word_1_46' title='bbox 1298 2410 1529 2499; x_wconf 86' lang='lat' dir='ltr'>potestatem</span> 
     </span>
    </p>
   </div>
   <div class='ocr_carea' id='block_1_4' title="bbox 471 2534 1531 4351">
    <p class='ocr_par' dir='ltr' id='par_1_4' title="bbox 471 2534 1531 4351">
     <span class='ocr_line' id='line_1_9' title="bbox 479 2534 1530 2636; baseline -0.001 -26"><span class='ocrx_word' id='word_1_47' title='bbox 479 2557 608 2611; x_wconf 87' lang='lat' dir='ltr'>sacros</span> <span class='ocrx_word' id='word_1_48' title='bbox 632 2536 784 2611; x_wconf 87' lang='lat' dir='ltr'><strong>ordines</strong></span> <span class='ocrx_word' id='word_1_49' title='bbox 810 2536 1028 2611; x_wconf 88' lang='lat' dir='ltr'>conferendi</span> <span class='ocrx_word' id='word_1_50' title='bbox 1056 2542 1161 2636; x_wconf 73' lang='grc' dir='ltr'>ῥητῶς</span> <span class='ocrx_word' id='word_1_51' title='bbox 1190 2535 1416 2611; x_wconf 86' lang='lat' dir='ltr'>attribuant.</span> <span class='ocrx_word' id='word_1_52' title='bbox 1468 2534 1530 2610; x_wconf 87' lang='lat' dir='ltr'>Sic</span> 
     </span>
     <span class='ocr_line' id='line_1_10' title="bbox 478 2667 1529 2762; baseline 0.002 -22"><span class='ocrx_word' id='word_1_53' title='bbox 478 2668 634 2762; x_wconf 91' lang='lat' dir='ltr'>quidem</span> <span class='ocrx_word' id='word_1_54' title='bbox 652 2691 693 2741; x_wconf 90' lang='lat' dir='ltr'>se</span> <span class='ocrx_word' id='word_1_55' title='bbox 709 2667 875 2741; x_wconf 88' lang='lat' dir='ltr'>habente</span> <span class='ocrx_word' id='word_1_56' title='bbox 893 2668 965 2742; x_wconf 88' lang='lat' dir='ltr'>hoo</span> <span class='ocrx_word' id='word_1_57' title='bbox 982 2691 1127 2742; x_wconf 89' lang='lat' dir='ltr'>canone</span> <span class='ocrx_word' id='word_1_58' title='bbox 1148 2669 1189 2741; x_wconf 93' lang='lat' dir='ltr'>in</span> <span class='ocrx_word' id='word_1_59' title='bbox 1207 2668 1344 2742; x_wconf 80' lang='lat' dir='ltr'>Codice</span> <span class='ocrx_word' id='word_1_60' title='bbox 1361 2668 1529 2742; x_wconf 86' lang='lat' dir='ltr'>ecclesiae</span> 
     </span>
     <span class='ocr_line' id='line_1_11' title="bbox 480 2798 1529 2894; baseline 0.001 -22"><span class='ocrx_word' id='word_1_61' title='bbox 480 2798 675 2886; x_wconf 82' lang='lat' dir='ltr'>Romanae,</span> <span class='ocrx_word' id='word_1_62' title='bbox 694 2799 761 2872; x_wconf 89' lang='lat' dir='ltr'>sed</span> <span class='ocrx_word' id='word_1_63' title='bbox 783 2800 1037 2875; x_wconf 76' lang='lat' dir='ltr'>renitentibus</span> <span class='ocrx_word' id='word_1_64' title='bbox 1054 2801 1180 2875; x_wconf 85' lang='lat' dir='ltr'>verbis</span> <span class='ocrx_word' id='word_1_65' title='bbox 1203 2800 1250 2872; x_wconf 89' lang='lat' dir='ltr'>iis</span> <span class='ocrx_word' id='word_1_66' title='bbox 1270 2799 1424 2886; x_wconf 87' lang='lat' dir='ltr'>Graecis,</span> <span class='ocrx_word' id='word_1_67' title='bbox 1443 2822 1529 2894; x_wconf 85' lang='lat' dir='ltr'>quoe</span> 
     </span>
     <span class='ocr_line' id='line_1_12' title="bbox 471 2929 1531 3024; baseline 0.002 -22"><span class='ocrx_word' id='word_1_68' title='bbox 471 2931 563 3023; x_wconf 89' lang='lat' dir='ltr'>jure</span> <span class='ocrx_word' id='word_1_69' title='bbox 584 2929 823 3024; x_wconf 84' lang='lat' dir='ltr'>praeferenda</span> <span class='ocrx_word' id='word_1_70' title='bbox 847 2953 929 3005; x_wconf 86' lang='lat' dir='ltr'>esse</span> <span class='ocrx_word' id='word_1_71' title='bbox 952 2932 1111 3018; x_wconf 86' lang='lat' dir='ltr'>ostendi,</span> <span class='ocrx_word' id='word_1_72' title='bbox 1129 2931 1232 3005; x_wconf 85' lang='lat' dir='ltr'>unde</span> <span class='ocrx_word' id='word_1_73' title='bbox 1254 2930 1359 3003; x_wconf 88' lang='lat' dir='ltr'>haud</span> <span class='ocrx_word' id='word_1_74' title='bbox 1386 2930 1531 3004; x_wconf 87' lang='lat' dir='ltr'>diutius</span> 
     </span>
     <span class='ocr_line' id='line_1_13' title="bbox 477 3063 1530 3159; baseline 0.001 -23"><span class='ocrx_word' id='word_1_75' title='bbox 477 3084 577 3158; x_wconf 90' lang='lat' dir='ltr'>opus</span> <span class='ocrx_word' id='word_1_76' title='bbox 600 3064 716 3139; x_wconf 90' lang='lat' dir='ltr'>fuerit</span> <span class='ocrx_word' id='word_1_77' title='bbox 733 3064 869 3139; x_wconf 89' lang='lat' dir='ltr'>Latino</span> <span class='ocrx_word' id='word_1_78' title='bbox 891 3065 1156 3159; x_wconf 88' lang='lat' dir='ltr'>supplemento</span> <span class='ocrx_word' id='word_1_79' title='bbox 1182 3088 1206 3138; x_wconf 88' lang='lat' dir='ltr'>a</span> <span class='ocrx_word' id='word_1_80' title='bbox 1231 3063 1408 3159; x_wconf 84' lang='lat' dir='ltr'>plurimis</span> <span class='ocrx_word' id='word_1_81' title='bbox 1431 3086 1530 3137; x_wconf 94' lang='lat' dir='ltr'>com-</span> 
     </span>
     <span class='ocr_line' id='line_1_14' title="bbox 478 3195 1529 3291; baseline 0.002 -24"><span class='ocrx_word' id='word_1_82' title='bbox 478 3195 670 3270; x_wconf 88' lang='lat' dir='ltr'>mendato.</span> <span class='ocrx_word' id='word_1_83' title='bbox 708 3196 804 3283; x_wconf 80' lang='lat' dir='ltr'>Quae</span> <span class='ocrx_word' id='word_1_84' title='bbox 818 3218 910 3270; x_wconf 91' lang='lat' dir='ltr'>sanc</span> <span class='ocrx_word' id='word_1_85' title='bbox 923 3197 1116 3271; x_wconf 88' lang='lat' dir='ltr'>conclusio</span> <span class='ocrx_word' id='word_1_86' title='bbox 1133 3196 1420 3291; x_wconf 88' lang='lat' dir='ltr'>hispreesertim</span> <span class='ocrx_word' id='word_1_87' title='bbox 1433 3201 1529 3269; x_wconf 93' lang='lat' dir='ltr'>tem-</span> 
     </span>
     <span class='ocr_line' id='line_1_15' title="bbox 479 3326 1529 3423; baseline 0.002 -25"><span class='ocrx_word' id='word_1_88' title='bbox 479 3326 635 3421; x_wconf 88' lang='lat' dir='ltr'>poribus</span> <span class='ocrx_word' id='word_1_89' title='bbox 641 3326 785 3421; x_wconf 89' lang='lat' dir='ltr'>aliquid</span> <span class='ocrx_word' id='word_1_90' title='bbox 796 3330 982 3403; x_wconf 84' lang='lat' dir='ltr'>momenti</span> <span class='ocrx_word' id='word_1_91' title='bbox 992 3329 1132 3402; x_wconf 88' lang='lat' dir='ltr'>habere</span> <span class='ocrx_word' id='word_1_92' title='bbox 1143 3328 1273 3423; x_wconf 88' lang='lat' dir='ltr'>possit.</span> <span class='ocrx_word' id='word_1_93' title='bbox 1288 3326 1418 3421; x_wconf 88' lang='lat' dir='ltr'>Neque</span> <span class='ocrx_word' id='word_1_94' title='bbox 1427 3327 1529 3401; x_wconf 90' lang='lat' dir='ltr'>enim</span> 
     </span>
     <span class='ocr_line' id='line_1_16' title="bbox 479 3458 1530 3559; baseline 0.003 -28"><span class='ocrx_word' id='word_1_95' title='bbox 479 3458 664 3553; x_wconf 76' lang='lat' dir='ltr'>estquod</span> <span class='ocrx_word' id='word_1_96' title='bbox 681 3480 758 3533; x_wconf 91' lang='lat' dir='ltr'>non</span> <span class='ocrx_word' id='word_1_97' title='bbox 771 3461 899 3555; x_wconf 83' lang='lat' dir='ltr'>pigeat</span> <span class='ocrx_word' id='word_1_98' title='bbox 911 3483 982 3534; x_wconf 91' lang='lat' dir='ltr'>nos</span> <span class='ocrx_word' id='word_1_99' title='bbox 994 3460 1157 3533; x_wconf 87' lang='lat' dir='ltr'>recentis</span> <span class='ocrx_word' id='word_1_100' title='bbox 1170 3482 1216 3533; x_wconf 89' lang='lat' dir='ltr'>ac</span> <span class='ocrx_word' id='word_1_101' title='bbox 1232 3459 1362 3553; x_wconf 86' lang='lat' dir='ltr'>magni</span> <span class='ocrx_word' id='word_1_102' title='bbox 1379 3464 1530 3559; x_wconf 74' lang='grc' dir='ltr'>παρορά-</span> 
     </span>
     <span class='ocr_line' id='line_1_17' title="bbox 477 3591 1530 3688; baseline 0.007 -26"><span class='ocrx_word' id='word_1_103' title='bbox 477 3624 594 3677; x_wconf 65' lang='lat' dir='ltr'>paroc,</span> <span class='ocrx_word' id='word_1_104' title='bbox 613 3591 713 3685; x_wconf 84' lang='lat' dir='ltr'>quod</span> <span class='ocrx_word' id='word_1_105' title='bbox 736 3591 846 3666; x_wconf 91' lang='lat' dir='ltr'>nobis</span> <span class='ocrx_word' id='word_1_106' title='bbox 868 3594 1014 3688; x_wconf 84' lang='lat' dir='ltr'>peperit</span> <span class='ocrx_word' id='word_1_107' title='bbox 1039 3591 1248 3687; x_wconf 80' lang='lat' dir='ltr'>disciplinoe</span> <span class='ocrx_word' id='word_1_108' title='bbox 1272 3591 1442 3686; x_wconf 87' lang='lat' dir='ltr'>antiquae</span> <span class='ocrx_word' id='word_1_109' title='bbox 1460 3601 1530 3669; x_wconf 87' lang='lat' dir='ltr'>aut</span> 
     </span>
     <span class='ocr_line' id='line_1_18' title="bbox 480 3722 1528 3817; baseline 0.003 -21"><span class='ocrx_word' id='word_1_110' title='bbox 480 3722 713 3817; x_wconf 84' lang='lat' dir='ltr'>negligentia</span> <span class='ocrx_word' id='word_1_111' title='bbox 731 3730 801 3798; x_wconf 88' lang='lat' dir='ltr'>aut</span> <span class='ocrx_word' id='word_1_112' title='bbox 822 3724 970 3797; x_wconf 87' lang='lat' dir='ltr'>oblivio.</span> <span class='ocrx_word' id='word_1_113' title='bbox 1022 3723 1134 3797; x_wconf 87' lang='lat' dir='ltr'>Certe</span> <span class='ocrx_word' id='word_1_114' title='bbox 1155 3723 1259 3796; x_wconf 88' lang='lat' dir='ltr'>haud</span> <span class='ocrx_word' id='word_1_115' title='bbox 1281 3722 1465 3799; x_wconf 88' lang='lat' dir='ltr'>debuerat</span> <span class='ocrx_word' id='word_1_116' title='bbox 1488 3727 1528 3799; x_wconf 90' lang='lat' dir='ltr'>in</span> 
     </span>
     <span class='ocr_line' id='line_1_19' title="bbox 479 3855 1527 3952; baseline 0.004 -25"><span class='ocrx_word' id='word_1_117' title='bbox 479 3879 683 3929; x_wconf 89' lang='lat' dir='ltr'>numerum</span> <span class='ocrx_word' id='word_1_118' title='bbox 710 3858 832 3930; x_wconf 91' lang='lat' dir='ltr'>nostri</span> <span class='ocrx_word' id='word_1_119' title='bbox 858 3856 1012 3950; x_wconf 92' lang='lat' dir='ltr'>quidem</span> <span class='ocrx_word' id='word_1_120' title='bbox 1040 3855 1130 3929; x_wconf 88' lang='lat' dir='ltr'>oleri</span> <span class='ocrx_word' id='word_1_121' title='bbox 1156 3855 1359 3952; x_wconf 88' lang='lat' dir='ltr'>quisquam</span> <span class='ocrx_word' id='word_1_122' title='bbox 1385 3858 1527 3945; x_wconf 87' lang='lat' dir='ltr'>referri,</span> 
     </span>
     <span class='ocr_line' id='line_1_20' title="bbox 477 3989 1528 4084; baseline 0.004 -21"><span class='ocrx_word' id='word_1_123' title='bbox 477 4011 524 4063; x_wconf 85' lang='lat' dir='ltr'>ac</span> <span class='ocrx_word' id='word_1_124' title='bbox 550 3989 793 4063; x_wconf 88' lang='lat' dir='ltr'>ministrandi</span> <span class='ocrx_word' id='word_1_125' title='bbox 815 3990 856 4062; x_wconf 94' lang='lat' dir='ltr'>in</span> <span class='ocrx_word' id='word_1_126' title='bbox 880 3990 997 4062; x_wconf 84' lang='lat' dir='ltr'>sacris</span> <span class='ocrx_word' id='word_1_127' title='bbox 1013 4011 1130 4062; x_wconf 87' lang='lat' dir='ltr'>causa</span> <span class='ocrx_word' id='word_1_128' title='bbox 1146 3989 1195 4061; x_wconf 89' lang='lat' dir='ltr'>ad</span> <span class='ocrx_word' id='word_1_129' title='bbox 1219 3996 1371 4063; x_wconf 86' lang='lat' dir='ltr'>exteras</span> <span class='ocrx_word' id='word_1_130' title='bbox 1394 3998 1528 4084; x_wconf 85' lang='lat' dir='ltr'>gentes</span> 
     </span>
     <span class='ocr_line' id='line_1_21' title="bbox 477 4119 1527 4216; baseline 0.006 -26"><span class='ocrx_word' id='word_1_131' title='bbox 477 4120 593 4204; x_wconf 87' lang='lat' dir='ltr'>mitti,</span> <span class='ocrx_word' id='word_1_132' title='bbox 610 4119 684 4193; x_wconf 88' lang='lat' dir='ltr'>nisi</span> <span class='ocrx_word' id='word_1_133' title='bbox 700 4120 899 4194; x_wconf 87' lang='lat' dir='ltr'>ordinatus</span> <span class='ocrx_word' id='word_1_134' title='bbox 921 4121 970 4194; x_wconf 91' lang='lat' dir='ltr'>ab</span> <span class='ocrx_word' id='word_1_135' title='bbox 991 4122 1174 4216; x_wconf 87' lang='lat' dir='ltr'>episcopo,</span> <span class='ocrx_word' id='word_1_136' title='bbox 1193 4122 1302 4214; x_wconf 87' lang='lat' dir='ltr'>cujus</span> <span class='ocrx_word' id='word_1_137' title='bbox 1323 4120 1527 4196; x_wconf 86' lang='lat' dir='ltr'>duceretur</span> 
     </span>
     <span class='ocr_line' id='line_1_22' title="bbox 476 4251 1526 4351; baseline 0.007 -29"><span class='ocrx_word' id='word_1_138' title='bbox 476 4272 546 4346; x_wconf 89' lang='lat' dir='ltr'>per</span> <span class='ocrx_word' id='word_1_139' title='bbox 563 4251 733 4325; x_wconf 90' lang='lat' dir='ltr'>ordinem</span> <span class='ocrx_word' id='word_1_140' title='bbox 751 4253 998 4327; x_wconf 81' lang='lat' dir='ltr'>successionis</span> <span class='ocrx_word' id='word_1_141' title='bbox 1015 4254 1223 4327; x_wconf 87' lang='lat' dir='ltr'>auctoritas</span> <span class='ocrx_word' id='word_1_142' title='bbox 1240 4254 1289 4326; x_wconf 92' lang='lat' dir='ltr'>ab</span> <span class='ocrx_word' id='word_1_143' title='bbox 1307 4254 1435 4348; x_wconf 92' lang='lat' dir='ltr'>aliquo</span> <span class='ocrx_word' id='word_1_144' title='bbox 1449 4258 1526 4351; x_wconf 89' lang='lat' dir='ltr'>epi-</span> 
     </span>
    </p>
   </div>
   <div class='ocr_carea' id='block_1_5' title="bbox 477 4387 1526 4577">
    <p class='ocr_par' dir='ltr' id='par_1_5' title="bbox 477 4387 1526 4577">
     <span class='ocr_line' id='line_1_23' title="bbox 477 4387 1526 4482; baseline 0.006 -24"><span class='ocrx_word' id='word_1_145' title='bbox 477 4406 601 4479; x_wconf 85' lang='lat' dir='ltr'>scopo,</span> <span class='ocrx_word' id='word_1_146' title='bbox 627 4407 741 4479; x_wconf 93' lang='lat' dir='ltr'>quem</span> <span class='ocrx_word' id='word_1_147' title='bbox 771 4387 942 4481; x_wconf 82' lang='lat' dir='ltr'>apostoli,</span> <span class='ocrx_word' id='word_1_148' title='bbox 973 4387 1034 4461; x_wconf 89' lang='lat' dir='ltr'>vel</span> <span class='ocrx_word' id='word_1_149' title='bbox 1064 4387 1260 4482; x_wconf 89' lang='lat' dir='ltr'>apostolici</span> <span class='ocrx_word' id='word_1_150' title='bbox 1289 4388 1368 4474; x_wconf 85' lang='lat' dir='ltr'>viri,</span> <span class='ocrx_word' id='word_1_151' title='bbox 1398 4412 1526 4464; x_wconf 87' lang='lat' dir='ltr'>conse-</span> 
     </span>
     <span class='ocr_line' id='line_1_24' title="bbox 1001 4532 1057 4577; baseline 0.018 -1"><span class='ocrx_word' id='word_1_152' title='bbox 1001 4536 1023 4576; x_wconf 63' lang='grc' dir='ltr'><strong>ὃ</strong></span> <span class='ocrx_word' id='word_1_153' title='bbox 1039 4532 1057 4577; x_wconf 84' lang='lat'><em>2</em></span> 
     </span>
    </p>
   </div>
   <div class='ocr_carea' id='block_1_6' title="bbox 0 0 2050 5150">
    <p class='ocr_par' dir='ltr' id='par_1_6' title="bbox 0 0 2050 5150">
     <span class='ocr_line' id='line_1_25' title="bbox 0 0 2050 5150; baseline 0 1"><span class='ocrx_word' id='word_1_154' title='bbox 0 0 2050 5150; x_wconf 95' lang='lat' dir='ltr'> </span> 
     </span>
    </p>
   </div>
  </div>
 </body>
</html>
