4092 5150
540 422 864 489 214JUSTELL1
888 423 954 486 ET
978 420 1244 486 BEVEREGII
1265 419 1544 486 ANNOTATT.

541 600 634 655 manis
652 596 689 654 sit
710 596 893 671 dispensatio,
918 596 1043 675 qaedam
1066 604 1160 654 sanes
1182 593 1387 654 ecciesiasticis
1407 593 1516 673 regalis
1537 592 1577 652 st

537 693 683 771 prohibito
698 692 835 758 nonnisi,
848 693 923 751 sicut
930 693 1160 771 presbyterorum
1175 700 1202 749 et
1212 691 1400 751 diaconorum
1408 690 1578 750 mssccrstic

538 789 743 869 Chorepiscopi
765 800 861 846 autem
877 788 1016 848 dicuntur
1030 789 1080 866 qui
1101 787 1133 845 in
1154 787 1333 866 regionibns,
1347 789 1429 866 agris
1445 797 1500 846 sut
1512 787 1580 865 prgis

537 886 693 967 prepositi,
721 886 815 944 officio
836 885 963 964 episcopi
988 885 1191 963 fungerentur,
1215 883 1308 943 veluti
1330 885 1433 944 ricudi
1454 884 1581 964 episcopi.

539 983 653 1041 Horum
668 984 806 1060 frequens
820 983 932 1040 mentio
945 993 990 1041 est
1005 981 1084 1060 apud
1104 981 1260 1060 scriptores
1273 980 1499 1048 oedeshsficos,
1513 992 1544 1040 et
1558 981 1581 1038 in

535 1080 796 1158 subscriptionibus
810 1078 1018 1137 Concilicrum.
1033 1078 1054 1135 J
1056 1077 1218 1137 USTELL.
1261 1077 1582 1158 Chorepiscoporumin

537 1176 592 1234 hoc
605 1197 693 1254 opere
707 1177 846 1252 frequens
860 1177 986 1234 occurrit
1001 1176 1120 1234 mentio.
1150 1175 1315 1234 Prcaertim
1331 1176 1363 1233 in
1377 1175 1583 1253 mtiquioribm

538 1272 616 1331 hisce
630 1272 780 1340 conciliis;
803 1284 836 1330 ut
851 1284 934 1331 extro
948 1273 1069 1331 dubium
1091 1274 1129 1332 sit
1143 1293 1193 1332 eos
1211 1272 1318 1351 passim
1337 1272 1369 1331 in
1385 1271 1509 1330 ecclesie
1521 1282 1583 1330 tunc

537 1369 648 1428 dierum
664 1370 839 1428 constitutos
859 1370 967 1428 fuisse:
995 1369 1046 1428 sed
1067 1370 1258 1429 nihilominus
1278 1369 1365 1429 valde
1386 1369 1529 1449 perplexa
1545 1380 1582 1427 est

536 1477 567 1524 et
581 1466 715 1524 intricate
730 1466 766 1523 de
781 1468 816 1524 iis
830 1466 999 1544 disputatio.
1042 1467 1107 1525 Nos
1122 1486 1217 1526 veram
1232 1487 1332 1526 eornm
1347 1467 1582 1526 constitutionem

536 1575 625 1640 atque
639 1564 764 1621 officium
779 1584 815 1622 ex
831 1564 885 1622 hoc
900 1563 1021 1641 aliisque
1037 1565 1195 1623 canonibus
1209 1564 1313 1623 elicere
1328 1563 1504 1623 moliemur:
1525 1564 1582 1641 qui-

536 1661 590 1719 hus
603 1661 690 1718 etiam
706 1661 847 1719 conficere
858 1682 916 1718 non
932 1662 1109 1727 dubitamus,
1121 1672 1233 1720 veteres
1244 1660 1478 1740 chorepiscopos,
1489 1671 1581 1718 contra

534 1778 568 1816 ac
591 1757 723 1836 pluribus
747 1759 836 1815 visum
860 1769 913 1823 est,
934 1779 1033 1817 revers
1055 1760 1204 1838 episcopos
1222 1757 1322 1823 fuisse,
1337 1757 1455 1817 etiamsi
1478 1759 1581 1836 episco-

535 1853 643 1932 palium
663 1854 841 1930 quarundam
865 1855 1046 1916 functionem
1068 1857 1204 1915 exercitis
1225 1857 1261 1914 iis
1281 1876 1298 1913 s
1319 1855 1482 1914 canonibus
1500 1855 1581 1916 dene·

534 1963 650 2030 geritur.
703 1952 801 2010 Primo
834 1954 911 2012 enim
941 1954 1132 2032 episcopalem
1166 1952 1378 2012 ordinationem
1412 1951 1580 2010 babuerunt

537 2048 604 2106 Hoc
618 2069 654 2106 er
670 2050 741 2126 Syn.
755 2051 893 2108 Antioch.
909 2070 1018 2108 canone
1033 2071 1063 2108 x.
1080 2050 1252 2127 colligimus,
1267 2048 1317 2126 qui
1336 2048 1379 2106 sic
1397 2049 1512 2127 incipit,
1526 2052 1582 2107 roris

535 2148 563 2200 dr
575 2151 631 2204 ruis
644 2152 738 2217 κώμαις
752 2151 792 2202 καὶ
807 2152 861 2205 scir
880 2152 986 2220 χώραις,
1001 2152 1041 2203 soi
1060 2151 1121 2205 ποιίς
1134 2147 1306 2216 καλουμένους
1324 2149 1582 2216 χοροπισιόπους.εἶ

535 2247 577 2299 roi
590 2246 753 2318 χειροθεσίαν
766 2241 818 2300 εἶεν
830 2247 974 2301 ἐπισκόπου
988 2248 1134 2319 surpere.
1157 2263 1221 2320 quai
1236 2242 1323 2300 verbs
1338 2241 1501 2320 Dionysius
1514 2243 1581 2300 Exi·

534 2359 610 2417 guus
624 2341 665 2398 sic
681 2341 778 2406 vertit,
796 2340 854 2405 Qui
868 2341 896 2398 in
913 2341 982 2399 vicis
996 2350 1022 2400 et
1044 2340 1265 2418 possessionibus
1278 2337 1478 2417 chorepiscopi
1498 2340 1580 2398 sorri-

534 2446 650 2502 uantur,
666 2437 794 2515 quornois
808 2459 910 2497 monus
923 2439 1124 2516 impositionem
1139 2437 1331 2515 episcoporum
1349 2436 1540 2514 perceperint,
1553 2447 1580 2496 et

533 2534 736 2612 explicationis
749 2535 842 2612 gratia
856 2535 946 2600 addit,
963 2544 988 2594 et
1004 2544 1033 2593 ut
1046 2533 1170 2614 episcopi
1181 2531 1427 2593 commotisunt.
1460 2533 1502 2593 Et
1511 2534 1581 2594 hanc

533 2651 602 2689 sane
618 2652 712 2689 reram
729 2651 791 2689 esse
806 2633 926 2690 istorum
944 2634 1096 2690 verborum
1112 2631 1382 2710 interpretationem
1401 2651 1440 2689 ex
1459 2633 1504 2699 iis,
1519 2653 1579 2710 quc

534 2727 564 2783 in
580 2729 636 2785 isto
651 2748 759 2785 canone
780 2741 951 2805 sequuntur,
968 2729 1062 2807 palam
1082 2741 1145 2787 est:
1168 2729 1264 2787 statim
1287 2727 1365 2785 enim
1388 2740 1507 2788 cautum
1529 2744 1578 2795 est,

533 2822 612 2898 quod
627 2824 737 2879 etiamsi
757 2825 953 2902 chorepiscopi
973 2825 1163 2903 episcopalem
1187 2824 1349 2882 istiusmodi
1370 2825 1578 2886 ordinationem

535 2919 682 2984 haherent,
706 2940 790 2976 sunm
812 2934 908 2978 tumen
928 2921 1045 2978 modurn
1065 2923 1146 2988 scire,
1161 2933 1191 2979 et
1210 2921 1345 2979 ecelesias
1364 2922 1419 2980 sihi
1440 2924 1579 3000 subjectas

533 3015 743 3078 administrare.
759 3029 788 3074 et
809 3018 844 3074 iis
861 3018 993 3094 regendis
1008 3030 1160 3076 contentos
1176 3040 1238 3077 esse
1257 3018 1374 3086 dehent,
1393 3021 1417 3073 si
1435 3024 1477 3075 καὶ
1496 3044 1578 3093 perpo-

533 3115 623 3168 θεσίαυ
637 3110 686 3169 εἶεν
706 3117 848 3170 ἐπισκόπου
868 3118 1014 3186 εἰληφότος,
1029 3118 1102 3185 ἔδοξε
1119 3121 1150 3185 τῇ
1164 3117 1224 3189 dyip
1239 3118 1351 3172 συνόδου
1371 3117 1465 3173 sitim
1478 3122 1511 3174 rd
1525 3123 1577 3174 ico·

532 3218 583 3265 τῶν
596 3215 685 3283 pispir,
700 3216 740 3266 καὶ
755 3215 857 3267 διοικεῖν
871 3214 916 3268 τὰς
931 3214 1097 3281 ὑποκειμένας
1114 3214 1201 3270 αὐτοῖς
1220 3213 1358 3282 ἐκκλησίας
1376 3217 1417 3269 καὶ
1430 3221 1467 3283 ’τῇ
1484 3218 1579 3272 roim

529 3310 662 3381 ἀρκεῖσθαι
677 3313 805 3381 φροντίδι,
822 3314 861 3364 καὶ
876 3311 1018 3381 κηδεμονίᾳ.
1063 3311 1142 3369 Hinc
1156 3311 1232 3369 enim
1248 3322 1362 3369 constat
1373 3332 1424 3370 eos
1437 3315 1577 3390 subjectas

530 3406 584 3463 sihi
599 3406 732 3463 ecclesias
754 3407 896 3469 habuisse,
912 3418 942 3463 et
956 3406 1113 3465 earundem
1128 3427 1225 3466 curem
1246 3407 1282 3464 iis
1299 3409 1481 3467 commissam
1500 3431 1575 3480 esse,

529 3520 594 3577 quse
608 3501 724 3577 quidem
740 3503 847 3558 nemini
864 3503 982 3560 attribui
1000 3515 1130 3580 possunt,
1147 3503 1201 3561 nisi
1217 3505 1266 3578 qui
1281 3502 1475 3582 episcopalem
1494 3531 1576 3580 χειρο-

529 3601 620 3653 θεσίαν
633 3599 751 3675 occepit.
797 3598 862 3656 Hae
877 3610 973 3657 autem
989 3599 1187 3678 chorepiscopi
1203 3600 1270 3657 freti
1291 3599 1348 3657 alia
1363 3602 1451 3660 etiam
1466 3616 1575 3663 tentare

529 3696 592 3752 ansi
606 3707 692 3752 sunt:
711 3696 761 3752 sed
776 3697 811 3752 ab
826 3697 879 3753 hoc
889 3717 997 3754 esnone
1013 3697 1212 3774 prohibentur,
1223 3696 1364 3763 edicente,
1376 3698 1457 3774 quod
1467 3701 1574 3760 etiamsi
1669 3694 1693 3707 ⁶

529 3803 665 3869 tanquam
682 3794 808 3870 episcopi
824 3795 981 3851 consecrati
997 3793 1118 3860 fuerint,
1135 3794 1211 3851 intra
1226 3814 1293 3852 suos
1307 3806 1404 3854 tamen
1425 3796 1534 3857 limites
1545 3820 1573 3857 se
1658 3810 1714 3847 9

528 3890 678 3947 continere
692 3889 809 3946 debent.
853 3891 894 3948 Et
909 3891 986 3967 quod
1001 3890 1038 3948 ad
1053 3891 1169 3949 ordines
1188 3892 1224 3949 ab
1239 3891 1274 3949 iis
1289 3892 1483 3954 conferendos
1497 3916 1573 3975 spec-
1650 3905 1714 3937 ‘'-1

527 3997 580 4051 tat,
596 3986 737 4063 proximis
752 3986 858 4043 ibidem
875 3988 970 4044 verbis
988 4000 1105 4045 cautum
1121 3999 1175 4053 est,
1191 3999 1225 4045 ut
1244 3989 1291 4046 isti
1308 3990 1457 4057 Lectores,
1472 3991 1572 4069 Hypo·
1651 4003 1714 4025 ‘⁴⁴

526 4082 671 4145 diaconos.
695 4095 724 4140 et
751 4084 919 4142 Exorcistds
942 4086 1130 4150 constituant,
1153 4089 1278 4156 καθιστᾷν
1299 4088 1327 4142 δὲ
1348 4088 1516 4159 ἀναγνώστας
1535 4091 1572 4144 καὶ
1643 4081 1714 4134 51

527 4181 708 4237 ὑποδιακόνους
721 4185 762 4234 καὶ
776 4183 941 4253 ε’φορκισπάς.
986 4182 1098 4240 Verum
1113 4185 1242 4241 omnium
1261 4182 1444 4253 clericorum,
1462 4206 1494 4244 ac
1508 4206 1571 4265 pro·
1645 4195 1714 4225 α’·

527 4287 625 4351 pterea
646 4277 748 4333 horum
764 4279 850 4335 etiam
872 4279 1084 4337 ordinationem
1105 4279 1141 4337 ad
1158 4280 1309 4358 episcopos
1328 4280 1405 4337 solos
1429 4283 1571 4360 pertinere
1643 4283 1711 4327 9

525 4391 562 4430 ex
577 4373 705 4431 secundo
727 4375 885 4451 apostolico
904 4396 1013 4433 canone
1032 4377 1219 4435 manifestum
1239 4386 1292 4441 est,
1308 4375 1434 4441 dicente,
1451 4380 1569 4453 Πρεσβύ·
1651 4393 1704 4411 ‘·
