4092 5150
539 421 604 489 136
876 425 1254 490 ANNOTATIONES

582 597 621 659 P.
640 613 708 680 115.
725 595 746 658 i.
757 613 789 680 5.
806 598 923 660 καὶτῶν
938 598 1043 660 ἀλλων
1055 597 1180 680 λαϊκῶν]
1196 594 1314 660 Similis
1325 595 1475 681 loquendi
1489 596 1586 660 iouna

538 699 571 762 S.
585 697 680 763 Luoae
699 698 852 784 ιοοαριίὶο
867 699 950 763 inest
965 699 1052 763 xxiii.
1068 719 1121 785 32.
1138 699 1179 762 de
1201 698 1327 762 duobus
1347 697 1500 763 malefiois
1519 720 1585 763 oum

540 803 710 865 servatore
723 802 832 864 mundi
847 800 1016 865 oruoifixis.
1054 799 1173 865 Confer
1187 800 1247 865 vol.
1260 801 1308 864 11.
1324 822 1376 886 pp.
1394 801 1461 865 186.
1475 820 1547 878 νον.

584 903 665 966 lbid.
681 901 743 965 l.8.
766 903 1017 988 προχειρίζεσθαι]
1041 902 1100 966 Ait
1123 902 1301 967 Matthoeus
1324 901 1490 966 Blastares
1511 903 1587 986 Syo-

537 1015 629 1091 topm.
652 1003 811 1089 Alplustet.
834 1004 897 1070 lit.
913 1005 954 1068 A.
971 1027 1040 1088 oap.
1053 1005 1073 1068 i.
1089 1028 1120 1091 p.
1133 1011 1163 1069 ὁ.
1181 1006 1215 1068 in
1233 1004 1396 1090 Beveregii
1416 1004 1586 1088 Synodion

538 1110 625 1171 Οὕτω
640 1108 708 1185 περὶ
722 1113 781 1170 τῶν
795 1107 934 1171 τοιούτων
949 1109 998 1170 καὶ
1011 1109 1028 1170 ό
1049 1106 1221 1189 ίερομάρινς
1243 1106 1358 1188 Πέτρος
1379 1111 1543 1189 ψηφίζεται
1557 1109 1589 1169 ἓν

539 1212 578 1294 τῷ
594 1208 646 1272 κδ’.
663 1211 743 1287 (eor.
759 1206 822 1286 ιδ’.)
840 1210 953 1272 κανόνι.
986 1208 1056 1272 Vid.
1071 1230 1168 1293 supra
1182 1230 1254 1294 pag.
1264 1230 1317 1289 44.

946 1394 1099 1459 OANON
1124 1395 1181 1457 1v.

585 1507 667 1570 lbid.
685 1507 705 1569 Ι.
723 1527 768 1570 ιο.
786 1508 834 1570 καὶ
848 1506 1085 1589 δειπνησάντων]
1102 1505 1156 1569 ΑΙ.
1172 1505 1219 1569 καὶ
1234 1506 1327 1585 δήπου
1342 1513 1402 1571 τῶν
1413 1510 1441 1570 δ.
1479 1506 1587 1570 labbe

540 1608 572 1671 in
588 1630 687 1692 marg.
704 1609 753 1671 ed.
768 1630 834 1672 suae
851 1608 1063 1672 Conoiliorum.
1093 1607 1172 1673 Oum
1186 1630 1260 1671 vero
1275 1608 1308 1672 in
1320 1607 1397 1672 edit.
1411 1631 1495 1672 nova
1509 1609 1587 1672 Con·

540 1710 683 1774 ciliorum
710 1709 883 1773 Mansiana
903 1716 994 1773 extet
1019 1709 1061 1772 ad
1087 1731 1190 1794 marg.
1215 1709 1257 1773 ai.
1284 1712 1333 1775 καὶ
1355 1709 1589 1789 δειπνησάντον,

540 1812 631 1896 eique
665 1810 793 1874 leotioni
820 1810 949 1875 faveant
975 1811 1134 1876 versiones
1158 1818 1282 1875 veteres
1305 1809 1477 1895 Graeoique
1497 1810 1587 1873 inter·

540 1922 657 1998 protes,
677 1912 845 1976 articulum
868 1918 926 1975 τῶν
948 1913 1159 1977 omittendum
1182 1913 1275 1989 duoo,
1291 1911 1522 1997 legendumque
1544 1914 1589 1975 ἐπὶ

540 2018 573 2080 δὲ
593 2018 685 2099 τούτιρ
709 2037 766 2099 pro
789 2017 838 2079 ἐπὶ
861 2018 893 2078 δὲ
916 2016 1040 2081 τούτοις.
1084 2014 1175 2080 Oonf.
1190 2015 1326 2078 Zonarae
1348 2013 1527 2078 comment.
1549 2014 1588 2077 ad

540 2118 649 2183 (innon
668 2119 704 2180 V.
760 2118 891 2181 Interea
919 2117 1045 2180 videtur
1070 2118 1138 2181 haeo
1163 2117 1230 2181 fore
1255 2117 1323 2181 sola
1345 2115 1441 2180 leotio
1469 2116 1589 2181 varians
1663 2136 1685 2167 Δ

539 2243 620 2297 esse,
632 2242 703 2305 quae
715 2220 756 2284 ad
769 2220 832 2283 duo
847 2220 915 2283 haeo
926 2218 1069 2282 Conoilia
1080 2220 1112 2283 in
1124 2219 1263 2283 editione
1274 2218 1449 2283 Mansiana
1460 2219 1500 2283 de
1512 2241 1589 2282 novo
1657 2242 1684 2269 ⁴

539 2324 667 2409 adjecta
683 2332 741 2386 est.
781 2322 862 2385 Mox
877 2322 992 2386 iterum
1007 2321 1050 2386 ad
1065 2344 1173 2386 vooem
1188 2321 1371 2406 φαιδροτέρφ
1386 2321 1494 2406 posuit
1510 2320 1588 2384 Lab-
1651 2350 1684 2361 -

540 2427 637 2502 baeus,
652 2425 706 2489 Al.
730 2423 931 2509 σφοδροτόρῳ.
977 2423 1051 2487 Hoc
1073 2431 1181 2488 autem
1204 2423 1395 2508 σφοδροτέριρ
1410 2423 1446 2510 ¹in
1467 2423 1589 2487 wione
1623 2438 1685 2477 -3

540 2527 670 2591 editione
698 2527 854 2590 θοιωιιιιοιι
879 2541 976 2612 atque
1003 2525 1110 2590 Oodv'ee
1137 2526 1290 2590 θααοιιιιιιι
1316 2523 1462 2589 Ecclesia
1482 2523 1589 2589 Jml-
1619 2553 1684 2567 --·

541 2629 624 2694 liano
639 2637 672 2693 et
696 2629 805 2692 Veneto
820 2628 941 2714 Syllope
955 2636 1058 2693 extat.

586 2730 668 2794 ibid.
685 2731 705 2793 Ι.
722 2749 768 2793 12.
787 2734 828 2796 εἷς
843 2736 880 2794 τὰ
895 2732 1017 2813 εἴδωλα]
1044 2730 1097 2794 Nil
1117 2754 1206 2816 opus,
1222 2738 1259 2794 ut
1277 2733 1316 2793 είι
1336 2732 1372 2793 ria
1392 2732 1530 2793 είδωλεῐα
1544 2751 1588 2792 re·
1609 2755 1682 2772 ἱ

541 2855 653 2917 ponas,
670 2832 730 2896 etsi
754 2834 788 2895 in
809 2832 902 2895 idolio
926 2832 1033 2897 Latini
1052 2834 1250 2918 Interpretes
1273 2831 1413 2916 plerique
1435 2832 1588 2916 praebent,
1609 2867 1680 2897 a

543 2935 775 3018 Aristonusque
790 2936 821 2997 in
837 2934 896 2998 looi
912 2935 1108 3018 expositione
1123 2936 1221 2999 habet
1237 2937 1270 2998 ἐν
1285 2938 1325 3019 τῷ
1340 2935 1491 3019 εἰδωλείῳ.
1528 2936 1588 2998 Ζο-
1603 2963 1678 2983 2

541 3059 637 3101 naras
652 3036 736 3100 enim
751 3036 869 3113 scribit,
881 3035 984 3109 Ὅσοι,
1001 3038 1096 3118 φησὶν
1111 3040 1128 3101 ό
1144 3037 1250 3113 κάνων,
1267 3036 1448 3116 βιασθέντες
1468 3038 1675 3108 ἔθυσαν..-

541 3138 559 3218 ἢ
585 3140 633 3204 καὶ
660 3141 693 3201 ἐν
721 3145 783 3205 τοῖς
808 3140 940 3204 εἰδώλοις
965 3140 1154 3217 ἐδείπνησαν.
1208 3139 1310 3201 Porro
1333 3138 1451 3201 Privoa
1475 3141 1674 3203 Lartem*

550 3241 665 3315 Verrio,
682 3261 779 3323 quam
798 3240 892 3302 modo
915 3239 1094 3316 memoravi,
1116 3240 1213 3305 habet
1235 3240 1320 3324 αριιό
1341 3239 1434 3304 idolo.
1474 3242 1670 3306 Itidema

542 3346 576 3407 ἐν
590 3350 652 3410 τοῖς
668 3345 809 3414 εἰδώλοις,
826 3343 880 3405 sed
897 3343 938 3405 ad
954 3364 1054 3426 marg.
1072 3345 1231 3409 εἰδολείοις
1247 3342 1504 3427 Harmatopulus
1516 3344 1669 3429 Epa>

542 3454 615 3508 tome
629 3445 714 3529 apud
728 3444 908 3507 Leunolavii
922 3445 984 3507 Jne
1002 3445 1206 3508 GroeooRom.
1223 3444 1287 3508 Tit.
1304 3445 1372 3508 111.
1389 3466 1421 3528 p.
1433 3447 1486 3508 on.

586 3545 668 3610 Ibid.
685 3545 704 3609 l.
722 3548 770 3608 16.
787 3545 966 3629 ἀδιαφόρως]
991 3544 1111 3609 Glossae
1131 3545 1228 3610 MSS.
1247 3545 1328 3609 Bibi.
1349 3545 1459 3630 Regiae
1474 3554 1509 3610 et
1524 3547 1666 3612 Col!

542 3646 615 3732 legii
628 3648 730 3711 Paris.
747 3647 817 3710 Soc.
829 3646 850 3708 J
852 3669 907 3710 esu
918 3649 959 3711 ad
972 3648 1056 3711 huno
1071 3647 1250 3712 Cononem:
1274 3647 1498 3729 Indifflrenter,
1512 3649 1668 3713 indi!

541 3757 666 3812 stanter.
679 3748 906 3811 HARDUIN.
924 3748 1321 3832 Hesychius'notodopion
1333 3752 1486 3829 ἀμελείας.
1495 3750 1667 3815 ’Aonii‘

542 3858 647 3930 φορον.
669 3850 847 3931 ἀδιάκριτον.
885 3850 1001 3914 Confer
1020 3872 1030 3913 1
1054 3853 1126 3915 Cor.
1142 3851 1173 3914 ii.
1188 3870 1237 3933 29.
1261 3851 1448 3931 Ἀδιαφόρως
1467 3861 1670 3917 ooenarffl
1710 3853 1714 3858 ⁸

541 3956 600 4026 est,
617 3951 702 4014 nullo
724 3953 809 4016 facto
832 3953 1009 4017 discrimine
1033 3954 1117 4017 inter
1136 3953 1365 4018 abominandas
1385 3975 1476 4017 oseas
1497 3960 1671 4040 atqui?

542 4073 665 4116 ooenam
696 4054 832 4132 solitam,
861 4058 944 4140 quod
972 4056 1114 4121 ostendit
1140 4056 1249 4120 Conon
1276 4055 1419 4141 proxime
1448 4079 1672 4142 sequensae

542 4153 686 4217 Zonaras
701 4157 952 4240 exposuit-noi
967 4166 1024 4223 τῶν
1041 4161 1241 4223 εἰδωλοθύτων
1251 4158 1403 4241 μετέσχον
1414 4160 1674 4242 ἀδιαφόρωςῳ

542 4256 678 4318 τούτεστι
690 4256 731 4335 μὴ
746 4262 955 4340 διαφερόμενοι
971 4262 1018 4324 καὶ
1035 4262 1209 4340 δακνόμενοι
1228 4263 1266 4326 ὡς
1283 4261 1497 4340 μεμιασμένον
1513 4264 1678 4344 γενόβ

541 4380 635 4433 μενοι,
653 4356 722 4420 ἀλλ’
739 4361 955 4441 ἐμφορούμενοι
971 4364 1089 4436 τούτων,
1105 4364 1144 4429 ὥς
1159 4365 1186 4425 εί
1199 4361 1278 4439 ἦσαν
1294 4364 1433 4441 ἀμίαντα.
