4092 5150
473 417 537 480 200
816 410 1169 476 ANNOTATIONES

472 606 650 671 apponam
674 582 713 649 ‘0
728 590 787 647 τῶν
798 587 891 664 ἁγίων
907 583 954 646 καὶ
965 584 1121 663 θεοφόρων
1134 583 1216 660 ήμῶν
1230 580 1370 660 πατέρων
1386 582 1513 661 κρατείτω

475 691 571 752 κανὼν
599 688 645 751 καὶ
670 689 703 749 ἐν
727 687 850 760 τούτοις,
872 687 950 747 ὥστε
975 687 1184 765 πρεσβύτερον
1205 685 1264 764 πρὸ
1285 689 1347 747 τῶν
1369 683 1515 763 τριάκοντα

476 794 549 854 ἐτῶν
570 791 610 869 μὴ
632 792 879 871 χειροτονεῖσθαι,
902 785 958 869 κάν
978 787 1056 850 πάνυ
1078 784 1098 871 ᾖ
1120 789 1136 848 ά
1159 788 1316 866 άνθρωπος
1340 786 1431 864 άξιος,
1455 783 1514 848 ἀλλ’

476 993 535 1056 ἔτει
558 995 734 1072 ἐβαπτίσθη,
759 995 806 1055 καὶ
828 992 935 1071 ἤρξατο
957 989 1117 1053 διδάσκειν·
1141 990 1258 1068 ὁμοίως,
1280 989 1358 1068 μήτε
1380 986 1516 1060 διάκονον,

475 1095 532 1175 πρὸ
547 1101 605 1158 τῶν
621 1094 804 1157 εἰκοσιπέντε
821 1096 948 1175 χρόνων,
963 1090 981 1170 ἢ
1001 1094 1197 1156 θιακάνισσαν
1216 1091 1275 1172 πρὸ
1293 1097 1356 1154 τῶν
1378 1089 1517 1170 τεσσαρά-

477 1222 566 1260 κοντα
582 1199 656 1260 ἐτῶν
667 1200 913 1278 χειροτονεῖσθαι.
955 1195 1006 1257 De
1021 1201 1165 1278 tempore
1181 1214 1243 1277 quo
1255 1192 1387 1257 ordines
1401 1192 1517 1276 presby*

476 1298 592 1361 terales
604 1297 739 1361 conferri
755 1296 911 1373 solebant,
921 1297 1064 1360 conferas
1075 1305 1143 1361 tum
1152 1295 1174 1358 J
1178 1296 1283 1360 antelli
1299 1294 1518 1380 Beveregiique

477 1406 571 1462 notas
593 1400 633 1462 ad
657 1399 750 1461 linem
773 1399 885 1462 horum
908 1399 1119 1463 Conciliorum
1141 1421 1162 1462 ο
1183 1419 1234 1461 me
1257 1397 1443 1474 collocatas,
1459 1405 1518 1461 tun

479 1501 647 1585 Binghami
663 1502 817 1586 Aeetiquit.
833 1502 944 1565 aaa.
961 1501 1015 1564 lib.
1032 1502 1063 1564 ii.
1079 1524 1147 1586 cup.
1162 1521 1209 1564 10.

861 1686 1021 1748 CANON
1048 1685 1135 1747 XII.

523 1821 558 1882 P.
580 1820 650 1904 185.
666 1819 686 1882 l.
702 1842 732 1900 4.
754 1821 929 1903 ἀνθρώπων]
956 1821 1091 1883 Zonaroe
1109 1819 1375 1882 Commentarius:
1391 1817 1454 1885 Ὃς
1467 1821 1520 1898 ὑγι-

480 1925 571 1985 αίνων
592 1925 648 2001 μέν
667 1925 854 2002 ὑπερετίθετο
873 1928 1086 2003 βαπτισθῆναι,
1108 1922 1239 2000 νοσήσας
1261 1924 1304 1994 δέ,
1322 1923 1372 1985 καὶ
1395 1925 1518 1985 κίνδυνον

478 2025 546 2103 περὶ
562 2023 616 2101 τήν
630 2023 705 2100 ζωὴν
730 2026 918 2104 ὑφορώμενος
937 2026 1116 2102 ἐβαπτίσθη,
1140 2024 1224 2089 οὗτος
1245 2026 1288 2089 είς
1307 2026 1473 2104 ἱερωσύνην
1491 2023 1518 2085 ul

479 2126 710 2208 προαχθήσεται.
749 2130 830 2189 δοκεῖ
859 2130 915 2207 γάρ
942 2127 1173 2206 ἀναβάλλεσθαι
1196 2127 1231 2188 τὸ
1258 2128 1401 2207 φώτισρα
1426 2125 1517 2190 διὰτὸ

480 2226 643 2307 φιλήδονον
667 2228 714 2289 καὶ
732 2231 928 2309 φιλόσαρκον,
951 2231 998 2291 καὶ
1020 2229 1053 2291 τὸ
1077 2230 1179 2292 θέλειν
1201 2230 1313 2294 άνέτως
1334 2233 1398 2315 ζῇν,
1423 2231 1469 2291 καὶ
1486 2226 1517 2305 μὴ

479 2329 648 2408 ὑπαχθῆναι
670 2331 710 2410 τῷ
732 2331 808 2411 ζυγῷ
831 2333 883 2390 τοῦ
906 2329 1093 2410 εὐαγγελίου,
1118 2333 1165 2393 καὶ
1189 2328 1223 2408 ἐξ
1245 2330 1378 2411 ἀνάγκης
1399 2331 1517 2410 ἡπίστις

482 2431 581 2501 αὐτοῦ,
607 2427 675 2491 ἀλλ’
706 2429 758 2490 οὐκ
789 2431 821 2491 ἐκ
850 2430 1048 2509 προαιρέσεως
1077 2430 1219 2511 γενέσθω
1245 2432 1397 2511 φαίνεται.
1444 2433 1470 2492 εί
1492 2429 1517 2489 ll

482 2536 642 2597 σπουδαῖος
656 2536 730 2609 μετὰ
745 2532 778 2593 τὸ
793 2532 950 2610 βάπτισμα
965 2537 1046 2613 φανῇ
1061 2533 1129 2613 περὶ
1143 2533 1196 2612 τήν
1211 2539 1270 2596 τῶν
1292 2535 1384 2597 θείων
1401 2535 1518 2597 ἐντολθι

482 2634 629 2714 φυλακὴν,
648 2636 694 2696 καὶ
709 2636 776 2713 περὶ
791 2636 844 2712 τὴν
859 2639 960 2697 πίστιν
975 2636 1112 2714 βέβαιος,
1129 2636 1175 2697 καὶ
1191 2634 1299 2701 σπάνις
1310 2640 1357 2714 εἴη
1368 2637 1518 2716 άνθράτων

482 2737 554 2816 πρὸς
571 2739 733 2815 ἱερωσύνην
750 2740 929 2815 ἐπιτηδείων,
949 2742 1015 2801 τότε
1031 2738 1199 2819 γενήσεται.
1246 2739 1350 2800 Porro
1366 2739 1450 2802 inter
1468 2736 1515 2799 nlla

485 2838 649 2902 Balsama:
674 2842 837 2918 causiacus
852 2842 914 2910 οὖν,
932 2843 977 2902 ὅτι
993 2843 1040 2904 καὶ
1055 2843 1208 2922 ἀμφότερα
1226 2842 1389 2921 ὀφείλουσι
1404 2846 1514 2919 συνδρο-

482 2949 558 3021 μεῖν,
575 2944 592 3019 ἡ
607 2944 674 3022 περὶ
692 2944 745 3019 τήν
767 2944 873 3022 ἀρετὴν
896 2944 1018 3021 σπουδή,
1038 2947 1084 3006 καὶ
1106 2946 1123 3021 ἡ
1146 2944 1255 3009 σπάνις
1276 2950 1335 3006 τῶν
1358 2946 1512 3024 ἀνθρώπων.

484 3044 706 3127 Albaspinaens
721 3053 827 3107 autem
839 3047 869 3108 in
884 3046 913 3107 N
915 3047 977 3109 otis
989 3047 1019 3108 in
1033 3048 1186 3131 quosdam
1197 3046 1352 3123 Oenones,
1367 3045 1510 3109 Ούςοτςαθ,

483 3146 549 3229 ejus
565 3147 749 3231 subjunctis,
766 3149 833 3211 liaec
849 3149 979 3222 scribit;
1007 3160 1027 3187 “
1041 3151 1091 3212 Dc
1106 3150 1199 3233 hujus
1222 3149 1354 3212 canonis
1373 3146 1509 3212 sententia

485 3259 506 3287 “
522 3250 661 3312 dubitari
678 3252 776 3325 video,
794 3262 826 3314 et
841 3274 911 3314 eain
927 3252 1019 3315 aliter
1035 3274 1054 3314 a
1070 3252 1257 3335 quibusdam
1274 3252 1387 3336 accipi,
1402 3268 1508 3335 quana

485 3361 506 3388 “
523 3352 674 3415 Patribus
690 3363 842 3436 concepta
858 3354 918 3415 sit:
946 3354 1092 3416 nimirum
1108 3354 1167 3416 hoc
1184 3374 1304 3416 canone
1319 3376 1340 3416 a
1355 3347 1505 3416 sacerdotio

485 3463 507 3490 ‘⁶
523 3476 576 3516 eos
592 3455 718 3537 penitus
734 3458 845 3529 arceri,
863 3458 914 3540 qui
931 3456 963 3518 in
986 3457 1107 3519 obitum
1129 3479 1227 3540 usque
1248 3456 1440 3540 baptismum
1454 3470 1505 3536 pru

486 3564 507 3592 “
523 3567 698 3639 rogassent,
730 3559 813 3641 quod
843 3558 965 3620 insania
995 3560 1133 3641 quadam
1163 3565 1361 3621 notarentur.
1410 3556 1503 3618 verum

486 3666 507 3694 “
523 3658 757 3722 hallucinantur
772 3661 913 3745 egregie:
939 3683 1011 3722 nam
1028 3661 1060 3723 in
1075 3661 1134 3723 hoc
1150 3682 1270 3723 canone
1285 3682 1350 3723 non
1365 3660 1461 3745 agitur
1476 3650 1503 3712 de

486 3768 508 3795 “
524 3759 574 3823 his
597 3762 647 3845 qui
672 3762 703 3824 in
727 3773 860 3825 inertem
885 3764 1077 3846 baptismum
1100 3763 1308 3834 distulissent,
1333 3762 1388 3825 sed
1409 3760 1445 3821 de
1461 3750 1504 3817 his»

486 3870 505 3897 “
523 3886 601 3946 ques
627 3888 710 3926 mors
740 3865 809 3943 (for.
840 3866 993 3949 morbus),
1027 3867 1057 3928 in
1089 3865 1156 3949 ipso
1186 3864 1459 3929 Oatechurnenatu,
1481 3856 1504 3911 el

485 3973 505 4000 “
523 3973 693 4050 antequam
710 3969 750 4031 ad
767 3969 834 4051 ejus
850 3968 1000 4052 temporis
1020 3968 1140 4032 exitum
1160 3966 1339 4050 potuissent
1361 3956 1501 4049 pervenire,

486 4077 505 4103 “
522 4079 716 4151 occupasset.
741 4070 769 4131 N
772 4094 850 4153 equa
866 4095 885 4133 a
900 4071 1078 4133 sacerdotio
1094 4078 1263 4155 prepterea
1278 4076 1433 4141 arcentur,
1443 4050 1503 4144 qued

486 4177 506 4203 “
524 4191 561 4231 ea
583 4171 622 4231 de
642 4193 737 4233 cansa
752 4182 857 4234 essent
873 4172 1014 4244 infames,
1033 4183 1089 4234 aut
1105 4170 1185 4233 male
1200 4171 1360 4247 audirent,
1375 4169 1427 4233 sed
1444 4152 1505 4226 ordi·

487 4276 506 4303 “
524 4269 592 4331 nari
608 4293 806 4355 nequaquam
821 4282 981 4354 poterant,
994 4281 1046 4353 (ut
1058 4275 1089 4336 in
1102 4274 1238 4357 quodam
1248 4295 1369 4336 canone
1381 4255 1502 4334 habetur)

488 4373 608 4454 “qnod
632 4374 753 4450 doecre,
777 4376 849 4438 fidei
872 4399 989 4439 arcana
1011 4377 1148 4447 tvadcre,
1172 4397 1341 4458 exponere,
1363 4383 1395 4439 et
1416 4374 1507 4437 oaeteru
