4092 5150
575 431 638 492 118
871 426 1119 501 RELIQUIAE
1147 425 1323 487 sncRAE.

966 603 1149 678 ΚΑΝΩΝ
1180 603 1223 676 Ε.

621 742 736 823 Ὅσοι
756 742 793 821 δέ
812 747 969 841 ἀνῆλθον
987 741 1077 840 μετὰ
1097 746 1248 839 ἐσθῆτος
1261 745 1437 838 πενθικῆς,
1453 744 1511 819 καὶ
1531 745 1621 820 oiva-

570 879 742 961 πεσόντες
775 879 922 982 ἔφαγον,
952 875 1089 982 μεταξὺ
1122 878 1164 954 δι’
1195 876 1283 974 ὅλης
1310 880 1372 974 τῆς
1400 878 1624 961 ἀνακλίσεως

571 1014 791 1117 δακρύοντες,
806 1022 834 1091 εὶ
849 1011 1067 1114 ἐπλήρωσαν
1081 1012 1144 1091 τὸν
1163 1016 1226 1110 τῆς
1245 1011 1487 1094 ι’τττοπτώσεως
1505 1017 1623 1113 τριετῆ

571 1150 701 1255 χρόνον
716 1152 824 1253 χωρὶς
834 1154 1049 1251 προσφορᾶς
1061 1146 1304 1250 δεχθήτωσαν.
1323 1155 1353 1225 εὶ
1367 1146 1405 1226 δέ
1415 1145 1465 1245 μὴ
1474 1147 1649 1251 ἐφαγον,5

572 1285 635 1363 δύο
650 1283 890 1366 ὑποπεσόντες
903 1284 974 1382 ἐτη,
990 1292 1042 1389 τερ
1056 1285 1163 1389 τρίτερ
1176 1282 1501 1380 κοινωνησάτωσαν
1515 1286 1624 1385 χωρὶς

570 1427 797 1522 προσφορᾶς,
811 1421 868 1497 ἵνα
882 1419 923 1497 τὸ
938 1418 1073 1498 τέλειον
1087 1424 1131 1521 τῇ
1150 1420 1282 1522 τριετίᾳ
1300 1415 1457 1511 λάβωσι·
1483 1416 1568 1502 τοὺς
1586 1417 1624 1497 δέ

571 1552 787 1636 ἐπισκόπους
805 1555 973 1658 ἐξουσίαν
989 1554 1081 1657 ἐχειν
1093 1553 1157 1631 τὸν
1170 1554 1304 1653 τρόπον
1317 1557 1381 1649 τῆς
1399 1555 1626 1657 ἐπιστροφῆς

574 1688 837 1786 δοκιμάσαντας
858 1689 1229 1792 φιλανθρωπεύεσθαι,
1251 1685 1274 1786 ἢ
1291 1688 1440 1766 πλείονα
1465 1721 1621 1788 προστι-

572 1824 670 1903 θέναι
689 1823 828 1927 χρόνον.
857 1822 928 1925 πρὸ
946 1821 1091 1902 πόντων
1110 1822 1147 1900 δέ
1166 1825 1223 1901 καὶ
1243 1821 1447 1923 ὁπροοὶγων
1460 1823 1553 1918 βίος,
1567 1826 1626 1902 καί
1641 1867 1673 1905 ιο

574 1960 593 2036 ὁ
612 1957 702 2055 μετὰ
720 1966 842 2053 ταῦτα,
862 1956 1090 2061 ἐξεταζέσθω,
1109 1960 1168 2035 καὶ
1190 1959 1301 2041 οὕτως
1324 1958 1346 2054 ἡ
1369 1961 1628 2060 φιλανθρωπία

572 2093 839 2195 ἐπιμετρείσθω.

969 2292 1152 2368 ΚΑΝΩΝ
1181 2287 1228 2383 ς’.

632 2427 722 2526 Περὶ
748 2430 821 2502 τῶν
847 2426 978 2528 ἀπειλῇ
1001 2424 1112 2518 μόνον
1142 2422 1313 2529 εἰξάντων
1343 2421 1539 2519 κολάσεως,
1566 2426 1627 2502 καὶ

574 2560 797 2666 ἀφαιρείτεως
824 2561 1056 2663 ὑπαρχόντων
1083 2559 1105 2655 ἢ
1130 2561 1315 2657 μετοικίας,
1339 2562 1397 2638 καὶ
1422 2557 1627 2655 θυσόντων,
1642 2601 1652 2639 ι
1658 2600 1675 2658 5

575 2699 632 2774 καὶ
644 2698 747 2799 με’χρι
759 2706 822 2775 τοῦ
834 2696 1011 2798 παρόντος
1023 2705 1145 2798 καιροῦ
1158 2693 1208 2794 μῆ
1219 2694 1528 2793 μετανοησάντων,
1536 2694 1627 2793 μηδὲ

574 2830 882 2935 ἐπιστρεφόντων,
905 2839 966 2909 νῦν
990 2832 1028 2911 δέ
1046 2832 1143 2932 παρὰ
1164 2830 1226 2909 τὸν
1246 2829 1367 2930 καιρόν
1385 2835 1449 2926 τῆς
1468 2829 1628 2910 συνόδου

575 2965 865 3065 προσελθόντων,
884 2969 942 3044 καὶ
960 2972 1007 3048 εἰς
1026 2965 1182 3044 διάνοιαν
1203 2971 1266 3060 τῆς
1282 2968 1504 3069 ἐπιστροφῆς
1522 2999 1627 3065 γενο-

1126 3201 1193 3257 erga
1225 3199 1274 3236 eos
1304 3199 1398 3255 ogere,
1425 3177 1469 3235 vel
1498 3177 1627 3255 amplius

718 3244 869 3301 CANON
893 3245 931 3301 V·
1127 3259 1390 3338 ternpusadjaeere.
1434 3261 1512 3315 Ante
1526 3260 1627 3318 omnia
1638 3287 1676 3326 20

616 3343 772 3418 Quotquot
781 3342 1076 3400 outenrascenderunt
1128 3360 1195 3398 vero
1210 3339 1374 3418 procedens
1391 3359 1491 3398 eorum
1511 3339 1581 3406 vita,
1595 3351 1626 3398 et

576 3422 685 3501 templo
695 3432 775 3479 veste
785 3421 911 3498 lugubri,
922 3433 951 3479 et
963 3442 1074 3479 recum·
1127 3420 1269 3514 posterior
1286 3419 1457 3495 inquiratur,
1473 3431 1503 3477 et
1523 3418 1565 3478 ita
1583 3420 1627 3478 eis

576 3503 679 3561 benten
689 3523 738 3581 per
748 3523 833 3559 ornne
845 3513 959 3580 tempus
971 3501 1076 3559 flevere
1127 3501 1310 3579 impertiatur
1324 3499 1496 3557 humanitus.

577 3582 747 3647 discubitus,
791 3583 814 3639 si
856 3584 1075 3661 compleverunt

577 3664 777 3742 poenitentiam
793 3664 910 3721 triennii
927 3663 1074 3738 temporis,
1258 3644 1409 3702 CANON
1433 3645 1490 3703 Vl·

576 3745 639 3802 sine
682 3743 828 3800 oblatione
871 3744 1074 3821 suscipiantur.
1169 3743 1214 3799 De
1241 3742 1285 3798 his
1313 3741 1363 3817 qui
1394 3742 1481 3799 minis
1509 3752 1673 3831 tantum25

577 3824 607 3880 si
623 3836 719 3881 autem
739 3844 796 3880 non
817 3824 1074 3886 manducaverunt,
1126 3843 1236 3880 cessere
1265 3841 1425 3899 pirenorum,
1452 3834 1504 3880 aut
1529 3823 1626 3901 priva·

577 3904 695 3961 biennio
730 3904 851 3979 subjecti
887 3904 1074 3982 poenitentiro,
1126 3903 1206 3960 tione
1234 3902 1405 3959 facultatum
1438 3902 1545 3972 territi,
1574 3914 1627 3962 aut

576 3986 665 4041 tertio
680 4005 756 4041 anno
767 3985 829 4042 sine
840 3984 986 4041 oblatione
997 4004 1074 4039 corn·
1127 3983 1346 4060 demigratione,
1369 3982 1603 4041 sacrificaverunt
1616 4006 1626 4053 ς

578 4064 738 4129 municent,
787 4076 820 4122 ut
866 4065 1074 4142 perfectionem
1126 4075 1156 4120 et
1174 4064 1313 4120 hactenus
1328 4062 1627 4141 poenitudininnegli.

576 4143 999 4221 quadriennioconsequantur.
1019 4143 1073 4201 Pe·
1124 4155 1234 4221 genten,
1261 4163 1355 4218 neque
1380 4144 1521 4207 conversi,
1548 4163 1627 4202 nunc
1637 4174 1676 4232 30

578 4242 629 4280 nes
650 4233 746 4280 autem
766 4226 916 4302 episcopos
934 4227 989 4282 erit
1011 4235 1074 4299 pot·
1125 4223 1213 4299 hujus
1239 4223 1352 4280 concilii
1377 4234 1509 4302 ternpore
1534 4234 1626 4282 semet

577 4315 653 4359 estas
696 4302 812 4360 modurn
849 4304 1076 4362 conversationis
1125 4303 1305 4369 obtulerunt,
1337 4304 1534 4362 conversionis
1566 4323 1627 4362 sue

577 4402 677 4439 eornm
690 4385 853 4460 probantes.
865 4383 909 4441 vel
921 4385 1076 4442 hrnnanins
1126 4383 1408 4462 oonsiliacnpientes:
1419 4383 1627 4462 pincuitusque
