4092 5150
555 420 623 491 ,38
876 417 1125 494 RELIQUIAE
1152 417 1329 480 SACRAE.

583 587 710 687 μένους
740 590 799 667 καὶ
830 590 1075 685 ἐκπίπτοντας,
1106 592 1148 667 δι’
1182 586 1242 671 οὓς
1279 585 1636 689 ὑπερθερμαινόμενοι

579 722 716 801 ἐσωθεν
731 725 788 800 καὶ
805 722 1032 825 ἐνηχοιίμενοι
1050 726 1349 821 καταπολεμῆσαι
1366 719 1430 801 τδν
1449 721 1634 825 ὑπεραιρό-

578 890 686 954 μενον
704 859 762 936 καὶ
779 857 1024 955 ἀισικείμενον,
1043 856 1218 935 ἐσπευδον
1235 862 1284 938 είς
1302 863 1417 953 τοῦτο,
1436 856 1495 934 ἵνα
1513 855 1564 954 μὴ
1576 859 1635 934 καὶ

579 993 667 1096 δοκῇ
677 993 760 1093 παρ’
774 993 887 1097 ἐαυτῷ
898 989 1070 1097 φρόνιμος
1080 987 1167 1070 εἶναι
1177 992 1235 1094 ἐφ’
1249 988 1300 1073 οἷς
1310 988 1401 1068 κατὰ
1411 991 1634 1092 πανουργίαν

580 1125 701 1230 ἔδοξεν
719 1126 841 1230 ἠττᾷν·
872 1131 901 1203 εί
919 1129 978 1203 καὶ
996 1122 1190 1204 ἐλάνθανεν
1208 1122 1333 1203 ἑαυτὸν
1352 1124 1545 1223 νικώμενον
1563 1121 1656 1213 ὑπδς

578 1259 651 1332 τῶν
667 1250 972 1354 ἐγκαρτερούντων
991 1249 1057 1334 τὰς
1075 1258 1147 1331 τῶν
1165 1249 1359 1356 ξυστήρων
1369 1254 1428 1329 καὶ
1441 1253 1633 1353 μαστίγων

577 1383 774 1479 βασάνους,
803 1382 870 1483 τήν
896 1418 934 1464 τε
967 1383 1125 1492 ὀξύτητα
1157 1389 1221 1482 τῆς
1253 1383 1441 1487 μαχαίρας,
1473 1384 1533 1462 καὶ
1567 1383 1632 1469 τὰς

579 1518 817 1625 καταφλέξας
835 1526 898 1597 τοῦ
916 1518 1040 1622 πυρὸς,
1061 1522 1119 1599 καὶ
1138 1518 1200 1602 τὰς
1214 1525 1287 1598 τῶν
1301 1516 1439 1598 ὑδάτων
1452 1552 1631 1599 καταπον-

578 1653 720 1737 τῶσεις.
781 1670 930 1741 (Fortasse
951 1671 1030 1730 haud
1051 1681 1121 1731 aute
1141 1661 1310 1749 verbaque
1330 1681 1504 1749 sequuntur,
1527 1673 1631 1731 Canon

579 1788 683 1867 incipit
698 1790 892 1865 undecimus.)
1642 1817 1675 1858 ro

637 1897 709 1972 Καὶ
727 1903 800 1979 τοῖς
825 1896 917 1975 κατὰ
938 1899 1063 1977 πίστιν
1089 1897 1367 2004 ὑπεξουσιοῦσιν
1397 1901 1469 1998 (for.
1499 1900 1628 2006 ἐπαξι-

579 2035 698 2134 οὓσιν)
720 2028 826 2133 εὐχὰς
848 2033 907 2110 καὶ
932 2029 1071 2129 δεήσεις
1095 2034 1259 2134 γίνεσθαι
1285 2033 1363 2132 ἤτοι
1385 2032 1474 2137 ὺπέρ
1494 2042 1567 2114 τῶν
1592 2037 1631 2114 ἐν

580 2168 727 2267 φυλακῇ
763 2165 1123 2267 κατατιμωρηθέντων
1159 2170 1218 2246 καὶ
1253 2168 1517 2270 προδιδομένων
1558 2168 1628 2249 ὑπὸ

578 2305 686 2395 λιμοῦ
703 2299 761 2376 καὶ
780 2299 919 2404 δίψους,
938 2298 1016 2396 ἤτοι
1036 2299 1123 2403 ὑπὲρ
1141 2308 1213 2380 τῶν
1231 2301 1362 2407 ἔξωθεν
1380 2307 1444 2402 τῆς
1463 2308 1631 2410 φυλακῆς

578 2434 635 2511 ἐπὶ
649 2440 712 2510 τοῦ
726 2433 954 2536 δικαστηρίου
968 2436 1357 2529 καταβασανισθείιτων
1366 2435 1425 2515 διὰ
1435 2436 1630 2543 ξυστήρων
1641 2477 1676 2537 15

577 2571 637 2647 καὶ
653 2569 853 2670 μαστίγων,
873 2570 1024 2672 ὕστερον
1043 2566 1081 2647 δέ
1100 2569 1320 2670 ἡττηθέντων
1339 2568 1408 2651 ὑπὸ
1426 2577 1491 2672 τῆς
1513 2576 1627 2653 ἀσθε-

577 2705 670 2787 νείας
683 2709 746 2802 τῆς
765 2705 910 2808 σαρκὸς,
928 2704 1032 2811 ἄξιόν
1050 2708 1150 2785 ἐστιν
1168 2708 1361 2786 ἐπινεῦσαι.
1391 2707 1629 2813 συμπάσχειν

577 2835 649 2939 γὰρ
668 2840 725 2916 καὶ
742 2846 939 2939 συναλγεῖν
958 2846 1031 2922 τοῖς
1059 2840 1281 2942 ὀδυρομένοις
1307 2843 1364 2919 καὶ
1392 2840 1629 2944 στενάζουσιν

576 2969 665 3073 ὑπὲρ
683 2978 755 3051 τῶν
773 2974 811 3050 ἐν
836 2978 887 3079 τῷ
909 2975 1021 3073 ἀγῶνι
1048 2972 1269 3074 ἡττηθέντων
1298 2972 1366 3054 ὑπὸ
1392 2979 1454 3073 τῆς
1480 2980 1629 3073 πολλῆς

575 3108 659 3201 βίας
676 3116 740 3186 τοῦ
760 3108 1009 3211 κακομηχάνου
1028 3105 1211 3206 διαβόλου,
1230 3110 1306 3209 ἤτοι
1329 3108 1416 3211 ίιττέρ
1441 3108 1577 3209 γονέων
1603 3107 1677 3208 ipso

577 3242 655 3321 ipsos
670 3242 707 3300 ad
722 3243 776 3302 hoc
790 3243 984 3310 tradiderunt,
994 3264 1074 3321 mag-
1126 3243 1226 3303 fideles
1237 3255 1382 3321 satagunt,
1392 3264 1490 3320 preces
1500 3254 1531 3303 et
1540 3245 1625 3304 obse-

576 3342 615 3380 na
628 3323 673 3380 usi
689 3322 823 3381 libertate
838 3346 846 3392 ;
868 3324 993 3381 maxime
1008 3344 1074 3382 cum
1126 3325 1269 3383 crationes
1283 3325 1354 3390 fieri,
1370 3325 1428 3383 siue
1445 3344 1498 3403 pro
1515 3325 1551 3382 iis
1573 3327 1625 3402 qui

576 3401 710 3461 viderent
729 3424 779 3461 eos
799 3404 849 3480 qui
871 3403 1075 3479 deciperentur
1126 3405 1156 3461 iu
1181 3404 1312 3462 custodia
1332 3403 1408 3463 male
1428 3404 1519 3462 habiti
1541 3416 1624 3473 suut,

576 3493 606 3540 et
621 3482 775 3541 caderent:
798 3494 917 3561 propter
932 3504 1004 3558 quos
1018 3483 1075 3562 ipsi
1126 3494 1156 3542 et
1170 3504 1187 3540 a
1201 3484 1277 3541 fame
1298 3494 1328 3542 et
1350 3484 1399 3542 siti
1421 3483 1549 3562 proditi3
1578 3485 1626 3543 vel

575 3562 723 3621 ferventes
743 3563 926 3630 intrinsecus,
941 3574 971 3621 et
992 3563 1074 3640 quasi
1125 3584 1178 3641 pro
1189 3564 1225 3622 iis
1236 3565 1285 3640 qui
1295 3574 1377 3623 extra
1386 3563 1546 3623 custodiam
1557 3584 1625 3623 scu.
1636 3582 1672 3642 2⁵

576 3643 696 3701 excitati
719 3643 837 3701 classico
862 3642 899 3700 ad
926 3642 1074 3701 debellau-
1125 3644 1190 3702 ticis
1204 3656 1234 3703 et
1248 3644 1369 3722 flagellis
1383 3645 1412 3701 in
1424 3643 1537 3720 judicio
1551 3646 1623 3703 torti

576 3722 645 3780 dum
670 3724 886 3801 superbientem
915 3722 1074 3780 adversari·
1124 3724 1555 3802 suut,posteaautemacarnis
1569 3725 1623 3783 im-

576 3821 636 3868 um,
651 3802 687 3861 ad
702 3803 732 3861 id
746 3802 969 3868 contendebant,
982 3823 1019 3861 ne
1034 3803 1072 3860 si·
1124 3803 1282 3863 becillitate
1322 3805 1392 3863 viati
1432 3803 1532 3871 fuere;
1578 3806 1624 3864 his

576 3882 605 3940 bi
630 3883 757 3959 prudens
783 3904 845 3941 esse
868 3883 1017 3941 videretur
1042 3884 1073 3940 in
1124 3903 1239 3960 oequum
1253 3896 1299 3943 est
1312 3898 1448 3943 annuere.
1485 3885 1622 3963 compati

575 3961 631 4030 his,
646 3964 676 4020 in
696 3963 802 4039 quibus
819 3962 979 4021 calliditate
997 3963 1071 4021 infe·
1124 3965 1201 4021 enim
1223 3975 1252 4023 et
1275 3964 1429 4024 condolere
1450 3963 1622 4042 lugentibus
1631 3986 1668 4042 30

575 4044 634 4100 rior
669 4043 743 4102 fuit:
784 4042 926 4120 siquidem
960 4043 1073 4120 ignorat
1123 4064 1156 4101 ac
1171 4046 1369 4110 moerentibus,
1384 4064 1437 4120 pro
1453 4044 1500 4103 his
1518 4046 1571 4121 qui
1590 4047 1621 4105 in

575 4123 727 4181 victumae
741 4125 777 4181 ab
791 4123 826 4181 iis
835 4123 885 4200 qui
895 4124 1011 4181 fortiter
1022 4135 1071 4181 tu·
1123 4126 1280 4182 certamine
1314 4124 1382 4183 victi
1411 4134 1481 4183 sunt
1509 4126 1622 4203 magnis

575 4201 673 4261 lerunt
690 4204 862 4261 scuticarum
880 4202 1073 4279 flagellorum·
1124 4204 1241 4282 maligni
1257 4205 1396 4264 demonis
1409 4204 1540 4263 viribus:
1566 4206 1620 4265 hoc

575 4303 632 4360 que
646 4294 800 4349 tormenta,
816 4294 847 4341 et
860 4282 949 4360 gladii
969 4284 1071 4349 aciem,
1123 4295 1177 4350 est,
1193 4305 1246 4363 pro
1261 4286 1438 4364 parentibus,
1454 4283 1501 4342 vel
1522 4285 1618 4344 fratri-

574 4374 604 4421 et
619 4363 695 4441 ignis
708 4362 926 4431 nominationem,
941 4374 972 4421 et
986 4384 1072 4440 aqua·
1122 4366 1186 4431 hus,
1221 4364 1365 4432 liberisue,
1393 4365 1502 4424 nemini
1534 4365 1654 4443 quid-35

574 4463 638 4500 rum
663 4444 869 4502 immersiones.
914 4444 974 4515 Qui
1004 4464 1071 4502 vcro
1122 4465 1207 4523 quam
1223 4457 1317 4505 uocet.
1354 4445 1469 4504 Scimus
1483 4447 1560 4504 enirn
1575 4458 1616 4505 et·
