4092 5150
473 411 539 475 882
705 411 738 472 S.
761 406 1006 472 PAMPHILI
1031 405 1298 471 MARTYBIS

474 579 572 644 dubio
586 578 814 643 successionem
827 577 994 642 traducem
1007 597 1135 660 qaoque
1143 575 1213 638 lieri
1227 574 1513 649 animarumct'nn

474 689 534 774 ipsi
556 688 631 773 quid
654 687 739 751 alind
763 686 948 761 ostendunt,
969 685 1031 748 nisi
1052 685 1179 748 nunu
1201 706 1275 748 essa
1298 684 1516 749 mortaloeiSi

474 800 557 863 enim
583 799 665 862 sicut
686 797 837 861 animalia
857 804 976 860 cratera
996 817 1037 858 ex
1058 795 1128 859 solo
1151 796 1275 859 sanine
1298 795 1458 870 oriuntur,
1476 795 1517 859 ita

474 907 572 971 etiam
595 908 635 970 de
658 906 837 970 hominibus
860 904 1044 979 sentiamus,
1066 913 1105 967 ut
1125 925 1199 966 cnm
1220 924 1359 988 corpore
1383 903 1517 968 dmulin

474 1016 585 1080 eodem
600 1017 718 1079 semine
732 1015 830 1078 etiam
844 1014 952 1077 anima
965 1013 1172 1090 diffirndatnn
1184 1013 1264 1098 qnid
1278 1014 1465 1079 dicimusde
1475 1014 1517 1078 bis

476 1125 529 1209 qui
545 1123 719 1208 imperfecti
737 1123 842 1188 adhuc
855 1129 890 1186 et
909 1124 1075 1186 daventre
1088 1121 1197 1186 aberni
1215 1130 1307 1199 sunt,
1320 1131 1359 1188 et
1375 1123 1431 1208 qni
1448 1145 1516 1187 aon·

476 1254 636 1318 nunqnam
662 1232 759 1295 ctiam
781 1241 954 1316 antequam
979 1231 1179 1295 vasculorum
1202 1233 1405 1297 naturalium
1425 1253 1518 1317 recep·

475 1344 590 1408 tacnlis
614 1343 734 1406 semina
759 1343 823 1406 sint
848 1350 1005 1426 suscepta
1031 1343 1227 1426 depereunt!
1257 1344 1301 1406 In
1324 1343 1442 1427 quibus
1460 1342 1518 1406 siae

476 1453 573 1517 dubio
595 1452 790 1527 invenietnr;
812 1452 898 1535 quod
916 1450 1010 1515 simul
1029 1451 1126 1514 etiam
1145 1451 1208 1514 illae
1223 1473 1298 1535 qnae
1317 1452 1458 1516 naturali
1475 1472 1518 1516 m·

476 1562 563 1626 tione
574 1561 744 1625 seminibus
754 1561 882 1624 insertae
893 1560 1019 1624 inerant
1028 1561 1155 1635 animae,
1163 1561 1320 1624 extinctae
1331 1561 1518 1646 sintparitcr

476 1679 510 1734 ct
525 1677 693 1753 corruptae.
738 1669 810 1732 Sive
832 1691 908 1753 ergo
930 1691 972 1733 ex
992 1669 1206 1733 insufflatione
1224 1669 1290 1734 Dei
1312 1671 1390 1749 sint,
1405 1673 1467 1736 sire
1481 1670 1517 1735 ab

477 1801 541 1843 una
555 1779 608 1843 illa
623 1802 693 1864 quae
709 1780 812 1865 prima
825 1779 913 1844 facta
927 1788 997 1854 est;
1021 1780 1200 1844 necessario
1214 1780 1310 1843 simul
1325 1803 1401 1845 cum
1417 1802 1516 1866 corpo

476 1887 563 1951 ribus
583 1895 838 1971 corrumpantur,
852 1887 880 1950 si
894 1887 1039 1951 eamdem
1054 1909 1126 1951 cum
1145 1889 1337 1973 corporibus
1354 1890 1452 1954 etiam
1464 1889 1517 1953 ori·

476 1997 582 2080 ginem
608 2003 737 2060 sumunt
765 1996 938 2060 secundum
966 1996 1107 2082 ipsorum
1131 1998 1302 2062 rationem.
1351 2000 1422 2064 Ant
1444 2000 1517 2063 enim

477 2107 696 2171 nihilomnino
711 2128 751 2170 ex
765 2106 947 2171 rationabili
965 2115 1063 2191 atque
1083 2107 1256 2172 immortali
1271 2109 1383 2173 anima
1400 2109 1516 2194 partici-

478 2217 566 2305 pavit
580 2216 655 2279 illud
673 2215 758 2300 quod
772 2215 876 2280 adhuc
891 2216 925 2279 in
939 2224 1049 2280 ventre
1063 2226 1250 2302 corruptum
1265 2225 1337 2294 est3
1357 2227 1393 2284 et
1404 2218 1516 2305 repulsa

477 2327 531 2391 illa
553 2327 636 2390 ratio
656 2335 705 2390 est
727 2348 798 2411 quae
819 2326 959 2391 affirmat
980 2349 1052 2391 eam
1074 2328 1106 2390 in
1128 2327 1258 2392 seminis
1279 2330 1417 2394 traduce
1437 2327 1515 2393 umal

478 2458 550 2501 cum
570 2436 754 2521 corporibus
776 2436 983 2501 seminatam:
1013 2436 1122 2500 antei
1149 2436 1336 2522 participat,
1360 2439 1513 2503 necessitas

478 2545 622 2610 imminet
637 2545 780 2611 confiteri
799 2545 967 2610 mortalem
986 2567 1055 2611 ease
1077 2546 1233 2610 animam:
1259 2549 1348 2633 qnod
1371 2548 1448 2614 fides
1463 2548 1513 2614 ati·

479 2679 540 2742 quc
555 2664 665 2721 nostra
680 2679 742 2720 non
756 2656 879 2743 recipit.
918 2659 1143 2721 Verumtamen
1162 2659 1238 2742 quid
1253 2669 1305 2724 est
1320 2663 1406 2746 qnod
1421 2684 1457 2726 ex
1473 2649 1518 2724 hii

479 2767 624 2830 omnibus
646 2767 773 2831 ostendi
795 2767 957 2831 volumus!
982 2768 1063 2830 Illud
1088 2768 1242 2852 proiecto,
1262 2772 1349 2853 quod
1374 2772 1452 2835 sicut
1469 2790 1509 2833 ecs

479 2876 531 2960 qni
548 2898 643 2939 unam
664 2875 838 2959 quamlibet
860 2877 899 2939 de
918 2876 968 2939 his
989 2898 1068 2962 quas
1087 2899 1183 2962 supra
1203 2880 1417 2962 exposuimus,
1436 2879 1506 2965 opin·

479 2987 582 3049 ionem
612 3008 718 3050 veram
745 2994 870 3072 putant,
898 3007 962 3049 non
991 2995 1081 3050 recta
1109 2989 1233 3052 ratione
1262 2990 1429 3053 haereticos
1454 2986 1507 3073 quis

478 3094 630 3179 appellat,
645 3118 703 3179 pro
718 3118 755 3159 eo
771 3097 855 3179 quod
878 3117 980 3179 neque
995 3119 1035 3159 ex
1056 3096 1168 3160 divinis
1185 3097 1362 3184 Scripturis
1376 3098 1449 3162 certi
1465 3093 1505 3159 ai

479 3203 554 3290 qnid
577 3205 616 3267 de
641 3205 690 3268 lris
713 3205 760 3268 vel
781 3205 946 3269 manifeste
968 3205 1090 3269 dictum
1109 3227 1177 3268 esse
1200 3206 1358 3284 videatur,
1374 3227 1466 3291 neque
1483 3203 1504 3265 in

478 3314 704 3399 praedicatione
717 3314 942 3379 Ecclesiastico
956 3315 1128 3378 contineri:
1153 3314 1201 3378 ita
1215 3337 1319 3400 neque
1333 3318 1415 3380 hunc
1425 3317 1503 3379 rimu

478 3424 597 3507 culpari
608 3425 730 3509 justum
743 3433 803 3500 est,
815 3425 1022 3490 disserentem
1037 3426 1121 3510 quod
1133 3425 1190 3488 sibi
1206 3426 1306 3488 visum
1319 3435 1379 3503 est,
1392 3425 1503 3489 maxine

478 3554 550 3597 cum
571 3533 647 3596 illud
670 3534 825 3618 praecipue
846 3534 1027 3610 servaverit,
1045 3536 1129 3618 quod
1147 3535 1179 3597 in
1196 3534 1341 3599 Ecclesia
1355 3537 1395 3600 de
1413 3534 1503 3598 anima

479 3643 674 3707 confessione
700 3643 818 3707 servari
843 3644 1031 3707 omnimodis
1053 3644 1157 3720 debet,
1183 3644 1298 3722 idest,
1322 3667 1364 3709 ne
1389 3645 1502 3708 diversa

479 3758 611 3815 naturas
637 3774 706 3815 osse
731 3752 851 3816 diceret
877 3753 1072 3816 animarum:
1107 3754 1183 3838 quin
1209 3754 1306 3818 immo
1328 3764 1362 3819 et
1387 3754 1502 3818 dicente

478 3862 654 3946 redarguit,
668 3869 702 3926 et
724 3863 901 3926 vehementi
923 3864 1098 3928 assertione
1113 3864 1278 3928 convincit.
1324 3865 1399 3948 Ipse
1418 3871 1502 3928 euna

478 3972 599 4035 latetur
614 3970 705 4035 unius
721 3972 908 4036 substantiae
924 3995 1034 4037 omnes
1049 3995 1116 4037 esse
1131 3973 1265 4049 animas,
1281 3982 1314 4039 et
1334 3972 1501 4039 immortale!

477 4101 515 4144 ac
542 4081 758 4158 rationabiles,
783 4081 873 4146 liberi
902 4083 1027 4147 arbitrii
1053 4104 1091 4147 ac
1117 4082 1310 4147 voluntatis:
1340 4081 1501 4169 judicandae

479 4210 604 4273 quoque
619 4212 687 4252 esse
704 4211 761 4274 pro
776 4190 826 4252 his
841 4213 910 4274 qna
924 4191 957 4254 in
971 4192 1033 4255 hae
1048 4192 1115 4255 vita
1128 4200 1313 4276 gesserunt:
1338 4216 1404 4257 esse
1417 4200 1499 4256 tamen

478 4320 532 4361 aaa
548 4299 649 4362 factas
664 4321 684 4362 a
699 4300 779 4377 Dec,
798 4300 850 4383 qui
867 4300 1012 4365 universa
1025 4301 1144 4365 creavit
1159 4310 1192 4366 et
1202 4303 1354 4367 condidit.
1392 4294 1498 4379 Quando
