4092 5150
485 409 552 475 878
711 409 744 472 S.
767 407 1011 472 PAMPHILI
1036 408 1297 473 MARTYRIS

486 578 574 641 illum
596 577 794 655 versiculum,
808 578 941 664 Insuper
960 587 988 642 a
1008 598 1080 641 caro
1102 599 1168 643 mco
1188 578 1346 664 requieseat
1363 578 1398 642 iss
1413 577 1511 664 spado

487 709 583 753 carne
595 687 727 751 Domini
740 687 809 753 haec
823 687 881 752 ait.-

530 798 694 862 Onam
719 798 874 862 Dominus
886 797 1206 882 Jecur—melun.

530 907 726 970 Passennus.
743 905 789 970 Et
803 913 877 991 post
891 927 1004 990 pauca.

530 1017 695 1081 Omcnrns.
709 1015 988 1080 Here—edm.

530 1126 724 1189 Passennus.
740 1125 825 1203 Quid
845 1124 905 1189 hoc
920 1122 1096 1190 evidentius
1109 1131 1143 1188 et
1157 1122 1275 1188 clarius
1294 1122 1337 1187 ab
1350 1121 1453 1208 aliquo
1463 1118 1514 1185 dici

484 1243 592 1321 potest
605 1237 647 1299 de
660 1235 890 1301 resurrectione
908 1233 1023 1310 carnis,
1038 1253 1135 1318 quam
1152 1232 1330 1318 assignavit
1352 1254 1416 1297 non
1430 1231 1515 1297 solnm

483 1353 733 1409 resurrecturam
759 1367 781 1409 a
803 1344 946 1420 mortuis,
971 1364 1079 1407 verum
1105 1342 1202 1407 etiam
1225 1343 1260 1406 in
1283 1343 1396 1420 coelos,
1418 1344 1442 1407 si
1464 1361 1516 1427 qus

483 1459 592 1517 tamen
613 1452 646 1516 id
666 1451 827 1527 meruerit,
850 1451 1081 1523 assumendam.
1105 1457 1289 1515 secuturam
1314 1448 1435 1513 scilicet
1455 1466 1516 1511 cnm

377 1594 381 1599 ·
483 1562 538 1648 qui
560 1561 789 1647 primogenitus
803 1582 844 1624 ex
864 1560 1000 1625 mortuis
1012 1560 1126 1635 fectus,
1141 1560 1263 1644 pn'mus
1285 1560 1320 1624 in
1340 1559 1453 1625 coelum
1468 1577 1514 1622 rn-

486 1680 593 1736 curum
607 1670 712 1736 curnis
723 1669 862 1734 invexit!
884 1669 968 1747 Quid
979 1677 1087 1734 tamen
1100 1668 1135 1732 in
1145 1675 1259 1734 octavo
1270 1669 1395 1734 decimo
1404 1666 1516 1732 Psalmo

481 1778 559 1864 (ver.
572 1782 619 1861 6.)
634 1801 794 1865 exponens
814 1779 903 1843 illum
916 1778 1114 1856 versiculum,
1130 1778 1174 1843 Io
1194 1778 1254 1844 sols
1269 1779 1379 1865 posuit
1392 1777 1515 1844 ωόιΜ·

480 1889 582 1955 culum
596 1911 696 1966 suum,
710 1889 853 1966 senserit,
868 1889 1045 1954 audiamus.

523 2000 688 2064 Omcnrss.
714 2000 799 2079 Quid
810 1999 1037 2084 cet—plomb
1051 2007 1116 2062 tuo.

522 2108 717 2173 Passennus.
740 2108 942 2174 Erubescant
967 2109 1065 2174 etiam
1090 2108 1135 2172 illi
1163 2108 1218 2193 qui
1248 2114 1283 2173 et
1310 2107 1374 2174 hoo
1399 2109 1437 2172 de
1455 2106 1512 2191 ipso

480 2242 544 2284 non
559 2220 787 2285 dubitaverunt
802 2219 989 2284 concinnere
1007 2220 1204 2305 figmentum,
1219 2240 1283 2302 quo
1298 2220 1440 2285 dicerent
1452 2216 1511 2302 quis

479 2350 593 2414 corpus
608 2327 656 2392 vel
671 2349 799 2392 carnem
814 2325 936 2392 Christi
950 2327 1106 2413 usquead
1120 2326 1219 2390 solem
1233 2326 1313 2392 dicit
1328 2328 1510 2404 esectemst

478 2437 522 2502 ibi
537 2460 605 2503 esse
620 2438 812 2502 derelictam.

521 2547 595 2612 Hoc
619 2547 703 2612 enim
726 2545 778 2611 ille
799 2545 841 2611 eb
862 2545 933 2636 aliis
955 2544 1087 2624 dictum,
1115 2566 1179 2609 non
1204 2551 1293 2610 recte
1315 2543 1436 2610 dictum
1454 2560 1508 2607 esse

477 2659 632 2724 confutat.
678 2657 741 2723 Sed
766 2658 973 2722 ostenderunt
994 2680 1029 2721 se
1050 2679 1090 2721 ne
1111 2657 1180 2722 haeo
1203 2657 1333 2742 quidem
1354 2654 1506 2738 intelligere

476 2768 618 2853 potuisse
632 2768 865 2831 obtrectatores
880 2766 948 2851 ejus
963 2789 1035 2851 ques
1049 2766 1101 2831 ille
1115 2767 1156 2831 ab
1171 2765 1242 2831 aliis
1258 2787 1324 2829 non
1335 2772 1421 2829 recto
1435 2762 1504 2825 dicis

475 2876 629 2961 coarguit,
654 2883 687 2939 et
709 2897 779 2961 quae
800 2881 876 2939 sunt
898 2896 968 2959 quae
991 2875 1059 2959 ipse
1082 2874 1259 2939 confirmet.
1305 2873 1389 2938 Tum
1412 2868 1503 2934 deinde

475 2984 573 3049 etiam
599 2985 642 3048 illi
666 2984 894 3069 impudentiam
919 3006 1010 3049 suam
1033 2985 1219 3060 retundant,
1241 2983 1296 3068 qui
1317 2984 1425 3047 dicunt
1446 2997 1501 3043 eun

475 3116 590 3179 corpus
617 3096 744 3179 quidem
770 3116 933 3179 resurgere
959 3095 1114 3170 confiteri,
1144 3115 1273 3159 carnem
1298 3116 1374 3159 vero
1398 3108 1499 3176 negare

474 3202 631 3265 Desinunt
660 3202 830 3286 aliquando
858 3224 879 3266 a
909 3201 1095 3279 maledictis,
1122 3202 1267 3266 videntes
1295 3223 1368 3265 eum
1397 3214 1497 3264 carnem

476 3309 571 3372 Verbi
602 3310 661 3372 Dei
688 3332 759 3372 cum
785 3311 854 3395 ipso
878 3310 989 3374 Verbo
1016 3312 1089 3374 Deo
1111 3311 1145 3373 in
1174 3310 1266 3387 coelo,
1294 3333 1359 3395 quo
1386 3308 1496 3373 Verbum

472 3419 626 3496 escendit,
642 3419 812 3503 imponere.

519 3531 583 3595 His
598 3530 760 3614 conjungit
774 3530 814 3593 de
829 3529 990 3614 suppliciis
1004 3536 1219 3614 peccatorum,
1236 3551 1306 3613 quoe
1322 3552 1380 3594 nos
1398 3540 1493 3613 quoque

473 3646 702 3724 consequenter
723 3640 764 3703 sd
791 3661 830 3703 eu
854 3661 924 3723 quae
950 3661 1047 3723 supra
1069 3639 1156 3703 dicta
1179 3648 1267 3717 sunt,
1294 3636 1490 3727 conjungimus

473 3748 621 3833 quonium
636 3748 667 3811 in
683 3748 793 3811 ordine
808 3748 1063 3813 criminationum
1077 3749 1139 3813 iste
1153 3748 1260 3814 fuerat
1275 3752 1355 3815 ordo
1369 3750 1488 3833 ‹iigesbd⁴

594 3918 710 3982 Altera
723 3918 887 4002 responsio
897 3918 939 3982 ad
955 3919 1124 4004 septimam
1135 3918 1395 3985 criminationem.

860 4050 1013 4115 CAPUT
1038 4052 1138 4116 VIII.

808 4162 858 4224 De
866 4163 969 4246 poeuis
976 4172 1178 4248 peccatorum.

585 4286 637 4349 Ex
652 4287 732 4352 libro
747 4290 885 4353 secundo
900 4291 967 4371 sepi
982 4292 1092 4373 ἀρχῶν.
1110 4292 1195 4376 (cap.
1210 4315 1241 4356 x.
1261 4291 1395 4372 num.4.)

513 4395 677 4460 Onrcnuns.
694 4397 760 4481 Epo
774 4396 1171 4463 arbitror--Christum
