4092 5150
590 413 763 480 ANNOT.
787 413 837 478 IN
860 413 1036 478 ANCYR.
1060 413 1247 478 CONCIL.
1272 411 1439 477 CANON.
1475 413 1538 479 177

487 586 633 670 scriptio,
643 608 713 672 quae
723 586 837 651 saeoulo
846 586 1012 650 undecimo
1021 583 1127 670 posito
1136 584 1538 658 esseoeusetur,dnodeoim

487 695 617 752 tuntum
636 689 800 772 episcopos
823 712 882 774 pro
897 689 1005 752 deoem
1026 695 1108 763 uoto,
1126 709 1181 750 sen
1205 687 1313 768 potius
1332 686 1537 770 undeviginti,

487 789 610 872 synodo
621 788 694 851 huin
704 793 884 871 Aneyranae
899 788 1075 872 assignans.
1098 785 1201 849 Extnt
1212 793 1320 849 autem
1332 784 1385 848 illu
1398 785 1428 847 in
1438 784 1462 847 J
1464 807 1539 847 oon·
1617 787 1619 789 ’

489 890 537 954 nis
555 889 712 974 Cinmpini
728 892 776 954 De
794 891 900 954 Sacris
914 889 1078 971 AEdificits
1092 911 1113 950 o
1131 888 1321 950 Constantino
1336 889 1386 950 M.
1402 887 1539 950 Conditis

490 994 623 1078 synopsi
630 993 800 1066 Historico,
817 1017 843 1056 o.
856 994 939 1056 xxiv.
955 1015 986 1076 p.
1000 1013 1012 1053 1
1016 1012 1037 1075 5
1041 1011 1070 1075 3.
1086 999 1159 1075 post
1171 990 1390 1071 Quaresmium
1400 991 1432 1053 in
1445 991 1540 1054 Pere-

486 1095 601 1179 μήποτ.
618 1095 796 1179 descriptu3
817 1094 859 1159 ‘H
876 1096 946 1176 ἁγία
961 1093 1117 1171 συνόδοςὴ
1133 1095 1166 1155 ἐν
1179 1091 1309 1176 Ἀγκύρᾳ
1326 1097 1376 1172 τῆς
1391 1095 1540 1161 Γαλατίας

490 1204 548 1261 τῶν
571 1196 625 1276 ιβ’.
651 1199 820 1261 ἐπισκόπων
845 1198 903 1278 πρὸ
926 1201 977 1276 τῆς
1003 1199 1037 1259 ἓν
1059 1199 1169 1280 Ninnio
1192 1199 1391 1275 οἰκουμενικῆς
1413 1199 1539 1261 συνόδου

489 1301 627 1381 γέγονεν.
668 1300 794 1364 Oaeteru
816 1321 890 1363 vero
914 1298 1152 1362 mendosissime
1174 1298 1260 1383 typis
1280 1299 1432 1384 impressu
1453 1310 1539 1365 sunt.

492 1403 673 1467 Duodecim
688 1425 813 1488 quoque
827 1402 978 1485 piaesules
994 1400 1183 1464 memoravit
1199 1399 1343 1479 Libellus,
1360 1402 1409 1466 oui
1428 1402 1541 1466 titulus

490 1505 671 1589 Synodion,
688 1503 843 1568 nJoonne
856 1503 1092 1588 Poppoeditus.
1119 1503 1236 1567 Itidem
1245 1505 1378 1588 antiqua
1388 1503 1541 1568 Collectio

488 1607 656 1673 Oanonum
668 1607 753 1692 opud
770 1606 931 1691 Hispanos
945 1615 1084 1690 receptu,
1100 1606 1139 1669 de
1155 1628 1218 1690 qun
1227 1606 1394 1670 Constant.
1407 1607 1538 1671 Piaefat.

484 1711 573 1795 Epp.
592 1710 681 1772 Rom.
702 1709 823 1792 Pontis.
846 1713 870 1789 ᾖ.
893 1730 959 1771 xm.
982 1716 1017 1771 et
1041 1707 1173 1771 Fratres
1195 1707 1356 1772 Bnllerinii
1379 1711 1415 1772 de
1434 1711 1539 1796 Amtq.

485 1813 651 1876 Uononem
674 1810 794 1875 Uellea.
818 1812 856 1875 P.
880 1811 925 1899 ἰίῐ.Ι
948 1811 978 1892 ξ.
999 1830 1046 1872 11.
1101 1810 1223 1890 Quibus
1244 1810 1332 1874 libris
1354 1811 1444 1876 addit
1466 1835 1540 1877 nuo·

480 1914 659 1978 toritatem
693 1935 783 1977 suam
816 1912 1007 1999 Synodieum
1038 1913 1203 1976 Aralioum
1232 1914 1422 1978 recensitum
1451 1937 1472 1978 a
1501 1916 1539 1979 ol.

480 2015 682 2079 Alexandro
697 2013 808 2078 Niooll.
829 2015 861 2077 in
876 2013 1022 2078 Biblini.
1038 2015 1131 2078 Bodl.
1151 2015 1243 2078 Uodd.
1267 2018 1366 2079 MSS.
1392 2017 1539 2080 Orieutol.

478 2117 636 2202 camum
647 2126 681 2181 et
696 2139 826 2181 numero
837 2118 943 2181 xxxvi.
959 2117 1129 2202 signatum,
1145 2140 1218 2203 pag.
1225 2139 1277 2203 34.
1304 2118 1367 2182 Hio
1378 2119 1435 2193 vir,
1447 2142 1540 2204 quem

476 2218 623 2283 honoris
633 2240 731 2282 ceusu
740 2218 878 2294 nomino,
889 2219 1068 2303 linguarum
1078 2218 1288 2284 Orientalium
1299 2222 1541 2286 callentissimus

472 2329 565 2406 post
589 2321 712 2383 editum
733 2320 816 2384 huno
838 2321 1028 2406 Ontnlogum
1051 2320 1166 2406 linguae
1188 2323 1347 2407 professor
1370 2323 1540 2388 Hebrnioae

476 2446 611 2509 magno
622 2424 691 2506 ejus
702 2423 815 2486 merito
830 2417 1033 2496 constitutus,
1047 2446 1117 2487 oum
1133 2425 1220 2488 luctu
1236 2426 1374 2489 omniurn
1390 2449 1411 2490 n
1426 2427 1540 2490 muniis

471 2526 584 2593 offleii
597 2526 646 2590 sui
659 2525 812 2589 obeundis
822 2535 925 2590 morte
936 2527 1000 2590 oito
1010 2526 1162 2608 abreptus
1171 2535 1231 2592 est.
1262 2528 1417 2613 Denique,
1428 2536 1540 2593 utrem

472 2630 611 2704 finiam,
623 2650 754 2713 prorsus
768 2628 926 2692 oontrnrie
935 2628 1107 2693 Christiuni
1123 2629 1254 2714 Ooptioi
1266 2640 1302 2695 ut
1318 2640 1429 2696 narrat
1442 2633 1541 2695 Vens-

472 2732 602 2805 lebius,
629 2731 766 2795 Histoire
795 2730 831 2793 de
854 2730 982 2815 ruyrus
1005 2732 1237 2809 d'Ahunodrie,
1261 2743 1344 2819 part.
1365 2758 1392 2797 v.
1417 2743 1492 2799 sect.
1511 2755 1539 2798 2.

476 2857 519 2920 p.
539 2853 618 2919 279.
638 2833 773 2918 triginta
787 2842 820 2897 et
835 2840 902 2897 tres
917 2833 1081 2918 episcopos
1093 2838 1229 2919 Aneyrae
1241 2836 1422 2900 convenisse
1437 2835 1540 2919 perhi-

478 2938 578 3002 bent.
604 2936 747 3001 Tantum
759 2936 842 3001 inter
853 2937 1066 3001 recensionem
1081 2960 1119 3001 uo
1131 2939 1343 3002 recensionem
1355 2939 1496 3004 interest.
