4092 5150
472 400 537 466 256
650 400 923 465 CONCILIUM
948 399 1339 464 ELIBERITANUM.

749 655 900 715 TITULI
921 654 1246 714 CAPITULORUM.

473 773 498 831 1.
512 773 559 830 De
573 773 616 830 hie
629 774 675 847 qui
683 781 750 848 post
765 773 925 848 baptismum
939 771 1020 829 idolis
1033 771 1247 829 immolaverunt.

473 870 515 928 II.
530 870 576 926 De
588 869 774 926 sacerdotibus
788 869 958 944 eaentilium,
973 869 1020 944 qui
1027 877 1092 944 post
1103 869 1263 945 baptismum
1276 865 1506 928 dimmolavennt.

474 967 530 1024 111.
546 967 593 1023 De
607 967 716 1031 eisdem,
730 967 757 1022 si
769 965 851 1023 idolis
864 974 1074 1024 mununontum
1087 967 1227 1024 dederunt.

473 1065 527 1122 IV.
542 1065 589 1121 De
614 1064 721 1132 eisdern,
744 1065 770 1120 ei
792 1063 973 1121 catechumeni
993 1063 1082 1121 adhuc
1099 1064 1247 1129 mmolant,
1269 1065 1379 1141 qvando
1399 1065 1511 1142 baptim-

595 1161 701 1218 buntur.

473 1260 512 1318 V.
529 1259 563 1316 Si
576 1259 682 1315 domina
690 1277 745 1332 per
759 1258 843 1316 zelum
856 1258 983 1315 ancillam
996 1257 1136 1316 acciderit.

473 1356 526 1413 VI.
542 1357 577 1413 Si
590 1357 736 1430 quicunque
744 1374 798 1431 per
810 1355 968 1430 maleficium
982 1355 1114 1412 hominem
1126 1356 1304 1430 interfecerit.

474 1453 543 1510 VII.
557 1453 604 1510 De
611 1453 801 1528 penitentibus
814 1453 938 1518 machin,
952 1455 978 1510 ei
991 1472 1088 1511 nesus
1102 1454 1319 1511 ‘nunciaverint

474 1550 558 1607 VIII.
573 1549 750 1624 Defeminis,
766 1550 942 1625 que'relictis
955 1550 1170 1609 virissuisaliis
1182 1551 1293 1608 nubunt.
1487 1614 1491 1624 ‚

475 1648 528 1704 IX.
545 1646 723 1721 Defeminis,
738 1667 796 1723 que
809 1648 947 1705 adulteras
959 1648 1074 1705 maritas
1087 1649 1249 1724 relinquunt,
1264 1657 1291 1706 et
1304 1648 1370 1706 aliis
1382 1648 1481 1706 nubunt.

473 1746 512 1801 X.
527 1745 573 1801 De
586 1745 682 1802 relicta
696 1745 884 1810 catechumeni,
899 1745 926 1802 si
939 1745 1056 1802 alterum
1069 1747 1187 1803 durerit.

473 1842 527 1899 XI.
544 1842 592 1899 De
605 1842 799 1906 catechumena,
814 1843 840 1898 ei
851 1845 976 1916 graviter
988 1844 1169 1919 annotaverit.

474 1940 543 1996 XII.
559 1938 607 1995 De
619 1939 782 2003 mulieribus,
798 1959 855 2014 quc
868 1940 1027 1997 lenocinium
1032 1941 1163 2017 fecerunt

474 2037 561 2095 XIII.
576 2037 623 2094 De
636 2037 787 2112 vircinibus
801 2037 862 2094 Dea
875 2038 1003 2105 socratis,
1018 2039 1045 2094 ei
1058 2039 1278 2096 adulteraverint.

474 2134 556 2192 XIV.
571 2135 618 2192 De
630 2135 781 2210 vircinibus
793 2136 975 2200 secularibus,
989 2136 1015 2193 si
1028 2133 1241 2193 incohaverint.

474 2234 542 2290 XV.
555 2232 603 2289 De
615 2233 738 2307 conjuqio
751 2250 842 2288 eorum
855 2233 902 2308 qui
914 2251 948 2290 er
958 2234 1111 2308 pentilitate
1123 2233 1242 2290 veniunt.

475 2331 557 2387 XVI.
571 2332 615 2386 De
623 2329 726 2405 puellis
732 2329 870 2404 fidelibus,
884 2349 918 2386 ne
931 2331 1082 2406 infidelibus
1096 2331 1303 2406 conjrmqantur.

474 2426 573 2483 XVII.
590 2427 636 2483 De
649 2426 693 2481 his
706 2425 752 2499 qui
758 2425 838 2499 filias
851 2444 915 2482 suas
927 2426 1111 2483 cacerdotibus
1122 2425 1264 2501 pentilium
1277 2427 1446 2504 conjunqnt.

474 2523 591 2581 XVIII.
605 2522 651 2579 De
663 2522 848 2580 sacerdotibus
861 2531 888 2580 et
901 2523 1043 2591 ministris,
1057 2523 1084 2581 si
1096 2522 1301 2581 machaverunt.

475 2620 559 2677 XIX.
575 2620 621 2676 De
635 2619 742 2676 clericis
755 2623 861 2696 necotia
874 2628 902 2678 et
915 2622 1045 2678 numinas
1054 2620 1228 2678 sectantibus.

475 2716 542 2772 XX.
558 2717 604 2771 De
619 2716 726 2772 clericis
739 2725 765 2771 et
779 2716 858 2772 laicis
871 2717 1015 2775 usurariis.

475 2813 558 2869 XXI.
574 2814 620 2868 De
633 2814 676 2869 his
690 2815 737 2887 qui
750 2814 857 2870 tardius
869 2815 906 2870 ad
918 2814 1057 2871 ecclesiam
1071 2815 1206 2871 accedunt.

475 2911 573 2967 XXII.
592 2913 637 2967 Dc
650 2911 792 2967 catholicis
804 2913 832 2967 in
847 2913 968 2968 haeresim
983 2912 1191 2976 transeuntibus,
1206 2913 1233 2969 ri
1246 2922 1426 2970 revertantur.

475 3008 590 3064 XXIII.
604 3009 650 3064 De
663 3008 826 3083 temporibus
832 3009 1009 3080 jejuniorum.

475 3106 587 3161 XXIV.
605 3105 651 3161 De
665 3106 708 3161 his
722 3107 767 3180 qui
775 3125 892 3181 pereqre
906 3108 1086 3182 baptizantur,
1102 3116 1131 3163 ut
1144 3107 1181 3162 ad
1193 3107 1296 3163 clerum
1309 3127 1363 3164 non
1376 3109 1486 3165 veniant.

474 3200 570 3257 XXV.
586 3199 633 3256 De
646 3201 769 3275 epistolis
782 3203 1025 3259 communicatoriis
1036 3203 1227 3276 consessorum.

475 3298 588 3356 XXVI.
606 3299 643 3355 Ut
657 3300 728 3355 omni
740 3298 850 3356 sabbata
856 3300 1006 3372 jq'unetur.

475 3395 602 3452 XXVII.
618 3395 664 3451 De
677 3396 793 3460 clericis,
808 3405 838 3452 ut
853 3397 1148 3470 &extraneasfeminas
1162 3398 1189 3452 in
1204 3397 1283 3453 domo
1296 3416 1350 3454 non
1363 3398 1481 3455 habeant.

475 3492 618 3548 XXVIII.
634 3492 680 3548 De
693 3492 870 3548 oblationibus
884 3512 974 3549 eorum
988 3494 1037 3568 qui
1049 3512 1101 3549 non
1116 3493 1318 3549 communicant.

474 3589 588 3647 XXIX.
602 3591 647 3645 De
660 3590 851 3663 enerqumenis,
867 3590 983 3664 qualiter
996 3590 1144 3647 habeantur
1156 3590 1189 3646 ab
1203 3590 1324 3648 ecclesia.

475 3686 572 3742 XXX.
587 3686 632 3741 De
645 3687 688 3741 his
702 3688 747 3761 qui
755 3695 820 3761 post
834 3687 973 3743 lavacrum
986 3688 1182 3753 moechaverint,
1197 3707 1230 3744 ne
1241 3688 1418 3745 subdiacones
1424 3690 1498 3764 fiant.

475 3783 586 3840 XXXI.
603 3783 651 3840 De
663 3784 881 3852 adolescentibus,
897 3788 942 3859 qui
950 3794 1016 3860 post
1029 3785 1167 3843 lavacrum
1177 3786 1298 3842 machati
1311 3796 1384 3843 sunt.

475 3881 602 3937 XXXII.
617 3881 662 3937 De
679 3881 858 3956 presbyteris,
880 3890 910 3938 ut
930 3884 1164 3940 eacommunicatis
1183 3886 1211 3939 in
1228 3884 1388 3941 necessitate
1407 3900 1509 3939 comme

637 3980 740 4034 nioneru
753 3980 823 4036 dent.

476 4073 620 4132 XXXIII.
636 4075 681 4130 De
694 4076 835 4150 episcopis,
850 4084 876 4131 et
890 4077 1032 4143 ministris,
1048 4086 1077 4132 ut
1091 4077 1124 4133 ab
1135 4076 1263 4133 osoribus
1275 4096 1305 4133 se
1317 4077 1475 4133 abstineant.

509 4290 561 4333 ‘ab
573 4288 691 4349 gentium.
790 4289 843 4336 tal.
855 4290 998 4337 sacrificant.
1082 4292 1306 4351 eotpeccaverinu
1400 4292 1506 4338 totna-

475 4366 550 4414 chuta
561 4367 659 4416 inerint.
759 4379 774 4415 κ
786 4371 901 4429 Apidem,
912 4380 1051 4419 extraneum
1064 4370 1195 4419 mulierem.
