4092 5150
472 419 538 486 346
705 421 738 484 S.
762 420 1008 484 PAMPHILI
1033 419 1299 484 MARTYRIS

469 592 616 676 judicata
648 591 776 655 vesania
809 590 932 656 facilius
969 590 1158 668 declaretur,
1191 590 1340 656 accidere
1375 588 1455 655 solet
1477 589 1522 655 vel

473 725 560 778 cam,
576 702 625 766 vel
647 701 809 766 interdum
829 702 949 778 studio,
963 710 1002 766 ut
1022 702 1149 766 nomine
1162 701 1197 765 iu
1211 701 1323 766 codice
1344 722 1411 765 non
1425 699 1524 786 prali-

473 813 579 877 tulato
593 812 720 897 legatur
733 812 852 897 aliquid
867 811 966 897 ipsius
981 812 1016 876 in
1030 813 1161 876 auribus
1171 812 1431 876 obtrectatorum
1441 810 1524 896 qussi

474 923 607 987 alterius
621 923 818 987 tractatoris.
863 923 958 1003 Quod
978 924 1102 987 tamdiu
1124 923 1230 1008 placet
1247 930 1283 987 et
1301 922 1464 997 laudatur,
1478 928 1524 986 at-

475 1055 537 1118 quc
566 1033 599 1096 in
623 1033 710 1096 omni
735 1033 947 1098 admiratione
974 1033 1123 1109 habetur,
1149 1033 1304 1118 quamdiu
1326 1054 1444 1097 nomeu
1467 1052 1525 1097 non

476 1144 573 1208 luerit
598 1143 784 1208 indicatum.
829 1143 877 1207 At
902 1143 958 1206 ubi
983 1143 1130 1229 Origenis
1154 1144 1287 1229 cognita
1314 1143 1437 1208 fucdut
1464 1162 1526 1208 csso

476 1277 548 1340 quae
577 1255 758 1339 placebant,
786 1253 898 1318 statim
927 1253 1105 1339 displicent,
1135 1252 1249 1318 statim
1283 1253 1438 1319 haeretica
1464 1272 1526 1318 csse

475 1364 642 1429 dicuntur:
674 1372 709 1429 et
732 1386 772 1428 ea
799 1386 871 1448 quae
896 1363 993 1450 paulo
1017 1372 1095 1430 ante
1118 1365 1161 1428 ad
1186 1364 1300 1429 mlum
1325 1386 1427 1449 usque
1451 1363 1525 1428 lero·

476 1475 606 1553 bantur,
621 1475 732 1540 iisdem
750 1474 880 1538 vocibus
900 1475 1075 1560 eademque
1096 1475 1206 1560 lingua
1225 1497 1330 1560 usque
1351 1475 1397 1539 ad
1416 1474 1526 1538 inferos

477 1585 737 1670 demerguntur..
761 1586 926 1648 Praeterea
953 1583 1052 1648 etiam
1082 1584 1158 1648 illud
1188 1591 1239 1649 est
1267 1584 1422 1661 invenire,
1447 1583 1526 1669 quod

477 1718 703 1780 nonnunquam
717 1693 799 1760 tales
819 1703 895 1760 sunt
913 1703 1118 1759 accusatores
1132 1696 1212 1779 ejus,
1228 1696 1284 1780 qui
1305 1718 1368 1761 nec
1386 1697 1526 1761 Graecam

477 1807 623 1871 noverint
633 1806 792 1890 linguam:
809 1805 864 1869 alii
875 1805 1065 1869 omnimodis
1075 1805 1231 1890 imperiti:
1253 1806 1399 1870 nonnulli
1410 1804 1526 1870 etiamsi

475 1917 597 2002 aliquid
612 1916 762 1980 videntur
775 1914 893 1978 habere
914 1915 1049 2000 peritiae,
1064 1937 1128 1978 non
1142 1923 1251 1980 tamen
1267 1915 1369 1980 etiam
1388 1916 1421 1980 id
1436 1914 1524 1980 studii

477 2025 626 2090 habuisse
645 2026 859 2101 inveniuntur,
878 2037 915 2088 ut
933 2024 1022 2088 libris
1040 2025 1109 2110 ejus
1130 2047 1261 2111 operam
1281 2026 1451 2100 dederint;
1473 2032 1524 2090 aut

477 2135 505 2199 si
526 2134 679 2198 acciderit
700 2146 738 2198 ut
760 2134 859 2198 etiam
879 2134 1026 2218 legerint,
1050 2156 1114 2199 nou
1134 2134 1286 2199 continuo
1308 2136 1410 2200 etiam
1432 2142 1523 2199 tanta

477 2244 663 2310 eruditionis
678 2245 809 2320 fuerim,
823 2251 861 2309 ut
881 2245 1085 2309 altitudinem
1103 2267 1214 2309 sensus
1236 2246 1306 2331 ejus
1324 2246 1451 2331 assequi
1465 2246 1523 2332 qui·

479 2355 594 2431 verint,
610 2375 674 2437 quo
688 2375 727 2417 ea
742 2375 813 2438 quae
828 2352 880 2417 ille
893 2353 1017 2417 diverso
1032 2362 1203 2439 prospectu
1217 2376 1277 2439 pro
1292 2355 1373 2420 locis
1387 2363 1421 2419 et
1432 2353 1521 2419 causis

479 2463 634 2527 disserere
649 2463 741 2538 solet,
756 2463 923 2526 advertere
938 2462 1106 2527 valuerint.
1154 2461 1278 2526 Multos
1297 2462 1441 2527 invenias
1454 2481 1520 2547 quos

478 2576 504 2639 si
519 2576 696 2660 interroges
714 2575 747 2637 in
763 2573 877 2659 quibus
898 2572 998 2654 libris,
1012 2582 1071 2639 aut
1085 2573 1118 2638 in
1134 2573 1249 2659 quibus
1269 2572 1350 2638 locis
1365 2573 1452 2639 dicta
1466 2571 1518 2637 sint

479 2687 546 2750 haec
562 2708 632 2770 quae
647 2693 797 2769 arguunt,
813 2685 1007 2749 confitentur
1022 2707 1056 2749 se
1072 2686 1199 2769 quidem
1213 2685 1338 2749 nescire
1356 2707 1395 2750 ea
1409 2686 1447 2748 de
1462 2681 1515 2767 qui·

480 2799 539 2862 bus
564 2797 736 2873 affirmant,
763 2818 820 2860 nec
846 2796 960 2880 legisse
986 2818 1138 2880 unquam,
1163 2796 1292 2859 audisse
1320 2803 1430 2860 autem
1453 2793 1514 2859 alies

480 2908 629 2970 dicentes.
675 2906 728 2969 Ex
755 2928 817 2990 quo
844 2905 941 2969 cuivis
969 2906 1062 2988 plena
1088 2905 1211 2969 ridiculi
1237 2908 1402 2972 sententia
1423 2923 1511 2970 corun

480 3016 649 3093 videbitur,
664 3040 734 3080 oum
751 3018 790 3079 de
812 3016 862 3080 his
881 3016 1029 3100 judicant
1045 3024 1143 3101 atque
1161 3038 1199 3080 ea
1219 3019 1509 3099 contemnamque

480 3152 538 3193 neo
554 3128 673 3191 discere
690 3128 817 3211 quidem
833 3127 920 3211 prius
935 3149 972 3190 ao
987 3148 1081 3190 nosse
1096 3134 1281 3209 potuerunt.
1315 3127 1355 3191 ln
1370 3128 1444 3192 alios
1455 3141 1508 3188 vero

481 3239 555 3302 novi
570 3223 685 3300 suroris
700 3237 829 3300 morbus
844 3244 878 3301 et
892 3236 1045 3301 inauditae
1060 3237 1148 3301 labes
1163 3237 1293 3302 incessit
1307 3238 1444 3313 insanin,
1455 3252 1505 3299 cun

481 3357 549 3412 tam
564 3347 665 3411 multa
680 3347 747 3432 ejus
762 3347 921 3410 volumina
935 3349 1056 3411 referta
1071 3348 1171 3411 totius
1187 3347 1339 3412 utilitatis
1351 3357 1383 3413 et
1398 3350 1504 3412 instruc·

481 3459 577 3523 tionis
592 3458 782 3532 habeantur,
797 3465 831 3520 et
851 3456 930 3519 sutis
950 3478 1025 3520 rara
1043 3470 1076 3521 et
1096 3479 1255 3542 perpauca
1272 3459 1357 3523 sorte
1373 3459 1438 3523 loca
1450 3457 1502 3521 sint

481 3570 514 3633 in
529 3571 643 3655 quibus
658 3569 705 3631 vel
721 3568 930 3652 imperitiores
945 3568 1071 3652 quiquo,
1088 3569 1147 3647 vel,
1164 3570 1250 3653 quod
1265 3571 1378 3648 verius,
1390 3558 1502 3633 malevoli

482 3703 574 3766 posse
596 3679 656 3743 sibi
684 3679 852 3743 videantur
877 3678 1011 3742 offendi:
1043 3679 1149 3742 omnia
1172 3678 1301 3763 quidem
1327 3674 1501 3763 illaqueet

482 3791 648 3864 catholica,
665 3798 699 3854 ct
714 3791 755 3854 ad
770 3789 1013 3854 {edificationem
1028 3790 1150 3868 animae,
1162 3797 1261 3875 atque
1275 3791 1318 3854 ad
1333 3789 1461 3855 scientia
1470 3784 1500 3846 iss-

482 3902 690 3966 structionem
713 3899 811 3963 etiam
836 3899 895 3986 ipsi
922 3906 1000 3984 apta
1023 3900 1177 3976 fatentur,
1203 3900 1359 3965 omittunt
1380 3907 1411 3965 et
1432 3889 1500 3979 negl-

482 4020 582 4098 gunt3
605 4033 663 4075 nec
678 4011 796 4095 aliquid
816 4010 889 4073 inde
904 4010 988 4074 unde
1007 4015 1141 4094 possunt
1155 4017 1189 4074 et
1204 4011 1322 4076 debent
1341 4009 1497 4098 ¹proficerc;

483 4144 521 4186 ea
536 4143 609 4184 vero
626 4121 694 4185 sola
716 4142 785 4206 quae
808 4120 849 4183 ad
872 4119 1062 4183 calumniam
1084 4119 1264 4204 proficiant,
1280 4144 1401 4186 summo
1418 4110 1497 4184 sudio

484 4234 646 4297 ediscunt:
669 4234 774 4317 utqui
796 4233 871 4297 boni
894 4231 970 4295 nihil
991 4253 1130 4316 unquam
1152 4233 1236 4298 forte
1259 4229 1497 4309 didicerunthaet

777 4385 854 4433 llllS.
866 4385 965 4433 Sorbon
977 4385 1094 4447 proficere
1105 4394 1239 4434 maumam.
