4092 5150
554 424 598 487 30
851 421 1102 500 RELIQUIAE
1128 420 1306 486 SACRAE.

554 589 746 688 βληκόσιν,
757 594 790 669 οἱ
799 587 866 690 μὲν
876 594 999 670 δοῦλοι
1010 592 1059 674 ὡς
1069 587 1115 670 ἂν
1126 591 1319 696 ὑποχείριοι
1329 591 1438 690 ὅντες,
1452 595 1512 673 καὶ
1522 591 1603 696 τρό-

554 761 625 807 πον
642 724 723 806 τινὰ
739 729 798 806 καὶ
816 727 916 806 αῦτοὶ
934 727 1217 833 φυλακισθέντες
1233 725 1303 808 ῦπῦ
1315 734 1389 808 τῶν
1405 731 1603 825 δεσποτῶν,

554 862 869 961 καταπειληθέντες
898 896 936 941 τε
968 863 1027 948 ,ὑπ’
1061 863 1189 959 αῦτῶν,
1218 865 1277 943 καὶ
1302 861 1362 942 διὰ
1390 860 1454 944 τόν
1484 861 1603 970 φόβον

554 999 671 1077 αὐτῶν
702 1006 750 1081 είς
780 1005 886 1077 τοῦτο
917 994 1133 1094 ἐληλυθότες
1162 1000 1220 1077 καὶ
1248 995 1525 1097 ὀλισθήσοιντες·
1565 1001 1604 1078 ἐν

553 1133 699 1237 ἐνιαυτῷ
716 1129 762 1210 τὰ
779 1135 844 1231 τῆς
866 1133 1054 1231 μετανοίας
1077 1131 1166 1234 ἔργα
1190 1131 1345 1238 δείξωσι,
1365 1130 1626 1230 μανθάνοντεςς

553 1274 617 1345 τοῦ
635 1274 773 1364 λοιποῦ,
794 1269 842 1350 ὡς
862 1270 985 1346 δοῦλοι
1003 1271 1170 1369 Χριστοῦ
1193 1264 1365 1347 ποιεῖντὸ
1384 1267 1524 1366 θέλημα
1539 1277 1603 1348 τοῦ

555 1406 722 1504 Χριστοῦ
750 1407 809 1481 καὶ
838 1408 1035 1508 φοβεῖσθαι
1064 1402 1184 1484 αὐτόν·
1222 1402 1408 1487 ἀκούοντες
1438 1401 1604 1500 μάλιστα

554 1536 654 1616 ’Ὅτι
672 1533 825 1621 ἕκαστος
843 1535 905 1617 εὀίν
922 1572 958 1616 τι
975 1535 1111 1642 ποιήσῃ
1130 1535 1277 1639 ἀγαθὸν,
1296 1546 1402 1617 τοῦτο
1417 1539 1603 1636 κομίσεται

552 1671 652 1777 παρὰ
672 1674 817 1776 Κυρίου,
836 1672 904 1752 είτε
919 1676 1049 1757 δοῦλος
1067 1671 1137 1752 ε’ίτε
1154 1672 1347 1776 ἐλεύθερος.

947 1931 1131 2008 ΚΑΝΩΝ
1161 1933 1205 2007 Ζ.
1617 1956 1672 1996 ¹0

609 2082 660 2156 Oi
678 2076 716 2156 δὲ
733 2076 910 2180 ἐλεύθεροι
927 2080 965 2158 ἐν
978 2081 1098 2180 τρισὶν
1112 2078 1229 2159 ἔτεσιν
1240 2078 1548 2186 ἐξετασθῆσονται
1566 2085 1604 2162 ε’ν

552 2212 730 2318 μετανοίᾳ,
750 2214 809 2290 καὶ
837 2214 886 2295 ὡς
908 2211 1188 2315 ι’ποκρινάμενοι,
1213 2216 1271 2292 καὶ
1296 2217 1344 2298 ὡς
1372 2215 1599 2319 καταναγκά-

553 2381 683 2430 σαντες
700 2345 783 2430 τοῦς
801 2345 1019 2443 ὁμοδούλους
1038 2354 1156 2444 θῦσαι,
1173 2348 1234 2428 ἅτε
1253 2348 1296 2448 δὴ
1309 2350 1604 2453 παρακούσαντες

552 2490 616 2563 τοῦ
633 2480 844 2561 ἀποστόλου
862 2479 922 2560 *τὰ
936 2480 1027 2594 αὐτοὶ
1045 2482 1213 2567 θέλοντος
1230 2491 1343 2563 ποιεῖν
1360 2483 1442 2568 τοῦς
1462 2484 1598 2566 δεσπό-

552 2653 618 2702 τας
635 2625 708 2702 τοῖς
719 2616 872 2716 δούλοις,
885 2616 1044 2701 ἀνιέντας
1054 2617 1120 2718 τὴν
1138 2617 1299 2718 ἀπειλὴν,
1313 2617 1460 2719 εἰδότας,
1474 2626 1602 2726 φησὶν,
1615 2664 1624 2703 ι
1631 2660 1653 2721 5

553 2754 608 2834 ὅτι
626 2757 684 2833 καὶ
703 2755 801 2853 ὑμῶν
826 2756 885 2832 καὶ
911 2753 1028 2832 αὐτῶν
1053 2754 1073 2830 ό
1094 2752 1226 2856 Κύριός
1246 2756 1346 2833 ἐστιν
1369 2757 1407 2835 ἐν
1431 2757 1603 2859 οῦρανοῖς,

553 2892 612 2970 καὶ
637 2888 935 2992 προσωποληψία
958 2888 1041 2989 παρ’
1063 2888 1160 2993 airus>
1188 2888 1252 2966 οῦκ
1276 2886 1386 2969 ἔστιν.
1418 2892 1449 2966 εἱ
1475 2888 1513 2968 δὲ
1540 2888 1603 2970 ἕνα

553 3171 628 3229 servi
650 3169 778 3247 quidem,
792 3180 827 3229 ut
848 3170 898 3247 qui
920 3170 975 3249 ipsi
997 3172 1053 3228 sub

552 3270 641 3308 manu
664 3259 770 3316 essent,
790 3262 820 3309 et
839 3250 1053 3328 quodammodo
1230 3234 1382 3294 CANON
1403 3234 1478 3294 VH·

553 3330 608 3410 ipsi
623 3350 739 3407 quoque
753 3330 784 3388 in
803 3330 984 3390 dominorum
1004 3352 1047 3389 es·
1144 3332 1242 3390 Liberi
1271 3344 1368 3391 autem
1394 3334 1488 3392 tribus
1517 3336 1602 3393 annis

552 3423 618 3470 sent
632 3410 773 3477 custodia,
789 3411 932 3488 minisque
951 3412 987 3468 ab
1005 3412 1050 3489 ip.
1103 3412 1133 3470 in
1156 3412 1327 3490 poenitentia
1346 3414 1600 3483 examinabuntur,
1612 3439 1648 3476 20

553 3491 592 3551 sis
621 3492 726 3557 territi,
752 3502 782 3551 et
806 3503 927 3571 propter
950 3511 1049 3549 eorum
1103 3503 1166 3552 tum
1177 3491 1255 3570 quod
1267 3492 1521 3560 dissimulaverint,
1537 3507 1600 3554 tum

552 3584 673 3637 metum,
693 3592 728 3630 eo
746 3571 887 3651 compulsi
907 3584 937 3631 et
958 3571 1048 3648 lapsi:
1102 3571 1180 3650 quod
1195 3572 1343 3632 effecerint
1359 3586 1392 3633 ut
1406 3576 1481 3633 servi
1493 3576 1602 3634 sacrifi.

552 3672 630 3710 anuo
650 3672 738 3731 opera
756 3653 936 3732 poenitentiae
953 3663 1050 3711 osten·
1102 3665 1218 3712 carent:
1244 3664 1278 3711 ut
1303 3656 1353 3731 qui
1375 3655 1520 3735 Apostolo
1542 3677 1601 3714 non

553 3731 634 3798 dent,
661 3732 797 3809 deinceps
829 3731 982 3799 discentes,
1016 3742 1051 3791 ut
1101 3733 1329 3810 obedierint,qui
1339 3734 1404 3793 vult
1414 3735 1540 3794 dominas
1550 3757 1597 3794 ea-

553 3813 627 3871 servi
665 3813 784 3882 Christi,
813 3814 908 3871 facere
941 3812 1049 3871 Christi
1101 3813 1274 3893 demsacere
1288 3816 1441 3892 quoeservi,
1454 3816 1598 3874 remitten-
1612 3842 1648 3899 25

553 3892 745 3956 voluntatem.
757 3905 787 3952 et
798 3913 864 3951 eum
874 3893 986 3962 timere,
999 3912 1051 3950 au·
1102 3894 1256 3952 tesminas:
1269 3894 1406 3962 Scienles,
1417 3896 1522 3972 inquit,
1530 3896 1599 3975 quia

554 3972 667 4032 dientes
676 3974 810 4039 maxime,
816 3973 891 4052 qnod
899 3972 1051 4053 uuusquis-
1102 3983 1127 4033 el
1143 3974 1253 4033 illorum
1266 3982 1291 4033 εἰ
1303 3984 1394 4035 vester
1404 3976 1546 4035 Dominus
1557 3986 1599 4034 est

554 4074 616 4132 que,
629 4053 656 4111 si
663 4053 732 4132 quid
743 4051 925 4132 bonisecerit,
942 4052 1049 4132 lmese
1102 4055 1228 4120 incedis,
1240 4064 1265 4113 et
1278 4077 1462 4133 personarum
1472 4057 1601 4136 acceptio

553 4142 595 4191 rel
612 4156 630 4191 a
646 4133 778 4204 Domino,
792 4133 851 4192 sive
868 4154 975 4198 servus,
992 4134 1051 4193 sive
1102 4157 1156 4194 non
1171 4144 1210 4193 τοι
1225 4136 1305 4214 apud
1319 4136 1421 4195 Deum.
1458 4136 1491 4194 Si
1507 4157 1600 4195 unum

554 4212 632 4272 liber.
1101 4227 1197 4274 autem
1218 4236 1318 4275 omnes
1338 4218 1477 4276 habemus
1497 4218 1600 4277 Domi·
1612 4242 1653 4298 30

717 4424 727 4451 ⁸
741 4411 827 4475 Ephoe.
840 4412 872 4461 vi.
885 4414 908 4461 8.
1248 4417 1258 4454 t
1271 4415 1359 4479 Ephes.
1368 4416 1399 4464 vi.
1410 4432 1433 4482 9.
