4092 5150
471 419 538 491 Μ
773 419 1025 498 RELIQUIAE
1042 418 1223 486 sAcRAE.

473 599 718 673 υουθετοῦισαι
735 592 1043 696 παραδειγμάτων,
1059 594 1105 700 ἐξ
1120 590 1174 673 ὧν
1193 593 1367 673 δύνανται
1383 588 1514 690 μουθιὶ·

473 763 555 825 υειυ,
573 728 629 807 ὅτι
646 732 811 831 χρειῶδες
826 728 893 826 μὲν
909 732 967 808 καὶ
984 727 1077 831 πρὸς
1094 729 1276 836 ὠφέλειαν
1293 728 1412 829 ἔργον,
1427 724 1519 805 οὐδὲν

473 863 764 962 ἀνεπιτηδεύτως,
789 861 869 943 οὐδὲ
891 870 1124 962 συμβατικῶς
1148 860 1400 966 ἀπεργάζεται,
1426 859 1520 940 ἀλλὰ

474 998 851 1104 umquamne
867 995 934 1098 ru
949 998 1162 1102 spemn
1176 999 1517 1100 οηρεσενκατο

476 1133 617 1236 raserat.
644 1132 733 1212 ὅταν
759 1131 797 1211 δὲ
823 1136 873 1217 εἷς
900 1133 1088 1236 ἄχρηστον
1110 1131 1320 1237 μεταπίπτῃ
1344 1135 1405 1211 καὶ
1431 1132 1539 1222 ἀνω-ς

477 1265 1522 1376 φειὲς,τόπαουόμωιαριστωςκαοςοπηη

477 1407 733 1502 διασκίδναται,
749 1403 812 1483 ὅτε
835 1405 960 1504 μηκέτι
982 1403 1320 1509 μεταχειριᾷιμέυης,
1342 1401 1433 1502 μηδὲ
1449 1405 1518 1480 δια·

477 1540 679 1640 ταττούσης
695 1538 782 1620 αὐτὸ
799 1544 864 1640 τῆς
881 1536 1070 1646 «robiani
1092 1548 1157 1619 rori
1182 1536 1409 1618 συνεστάναι
1425 1545 1522 1617 τοῦτο

478 1677 614 1774 ἔμελεν.
644 1675 783 1776 ἱμάτιόν
799 1711 838 1755 τε
856 1674 939 1779 γὰρ,
957 1677 999 1755 οὐ
1012 1678 1120 1779 χωρὶς
1133 1680 1342 1778 ἱστουργοῦ,
1357 1708 1521 1753 συυιστα·

477 1810 594 1908 μεὐωυ
624 1816 697 1888 τῶν
724 1807 928 1908 στημόνων,
956 1808 1037 1889 οὐδὲ
1065 1812 1129 1908 τῆς
1161 1807 1293 1911 κρόκης
1323 1809 1521 1908 αὐτομάτως
1529 1842 1555 1881 ιο

479 1943 828 2044 παρεμπλεκομέυης,
846 1944 1085 2050 ἀυυφώεται·
1111 1949 1141 2022 εἱ
1167 1941 1205 2020 δὲ
1224 1942 1465 2046 κατατριβείη,
1481 1942 1521 2023 τὰ

479 2077 700 2157 λακισθεῖπα
717 2080 967 2181 διαρριπτεῖται
976 2077 1078 2180 ῥάκη.
1097 2076 1189 2156 οἰκία
1200 2110 1241 2156 τε
1252 2078 1521 2174 ἀνοικοδομεῖται

480 2217 538 2292 καὶ
556 2211 673 2309 πόλις,
691 2215 734 2292 οὐ
751 2211 834 2297 τοὺς
851 2213 917 2310 μεἰι
934 2247 1033 2296 τινας
1050 2211 1222 2316 δεχομένη
1236 2212 1415 2309 θεμελίοις
1427 2214 1520 2291 αὐτο-

480 2358 683 2446 μολοῦντας
704 2351 838 2446 λίθους,
856 2349 939 2434 τοὺς
957 2347 995 2429 δὲ
1022 2351 1281 2448 οἱυαπηδῶισας
1298 2354 1349 2432 εἰς
1375 2347 1441 2432 τὰς
1456 2351 1520 2428 ε’πιι

482 2485 610 2582 βολὰς,
628 2484 730 2564 ἀλλὰ
747 2485 839 2564 κατὰ
856 2483 978 2590 χώραν
996 2486 1016 2564 ὁ
1035 2483 1244 2589 τοιχοδόμος
1266 2481 1352 2568 τοὺς
1372 2483 1551 2576 ὥθετουςη

480 2619 648 2723 ε’πιφερει.
684 2618 986 2723 κατοῤῥιφθείοης
1004 2615 1053 2715 δὲ,
1072 2621 1120 2701 ὡς
1144 2614 1189 2695 ἂν
1213 2617 1377 2722 παρείκῃ,
1393 2650 1518 2697 κατευε·

483 2757 579 2857 χθεὶς
598 2754 749 2836 ἕκαστος
763 2752 975 2858 ἀπεσφάλη.
995 2756 1054 2831 καὶ
1071 2751 1423 2854 κατασκευαζομένης
1437 2750 1517 2846 νεὼς,

482 2891 549 2993 οὐχ
576 2891 599 2987 ἡ
626 2889 691 2986 μέν
718 2924 771 2974 τις
800 2890 980 2984 ι’πέβαλευ
1006 2888 1134 2988 ἑαυτὴν
1161 2891 1297 2990 roonis,
1327 2891 1348 2967 ὁ
1376 2886 1415 2967 δὲ
1442 2883 1518 2966 κατὰ

482 3041 579 3099 doceri
602 3042 724 3120 possint,
745 3043 883 3120 quioquid
904 3044 982 3119 ejus-
1033 3063 1109 3111 men,
1132 3042 1181 3100 ubi
1207 3041 1413 3119 disrumpitur,
1439 3041 1517 3098 lacera

483 3122 562 3179 modi
576 3134 630 3187 est,
645 3133 679 3180 ut
697 3123 811 3181 fructus
827 3123 937 3202 aliquid
952 3137 982 3184 et
1032 3124 1100 3181 binc
1114 3123 1181 3180 inde
1195 3122 1290 3180 frusta
1308 3121 1404 3198 disjici
1423 3122 1549 3181 videaszo

485 3202 621 3260 utilitatis
635 3202 747 3269 afferat,
759 3203 789 3261 id
804 3225 862 3262 non
873 3216 982 3264 temera
1034 3205 1080 3261 Ita
1095 3224 1160 3261 cum
1177 3203 1280 3261 domus
1294 3214 1348 3260 ant
1362 3204 1431 3262 urbs
1444 3201 1517 3260 adil·

483 3304 516 3341 ac
531 3283 593 3340 sine
611 3283 709 3341 studio
724 3285 797 3349 fieri,
812 3284 863 3342 sed
884 3287 982 3364 potius
1033 3296 1125 3349 catur,
1137 3304 1195 3342 non
1207 3283 1320 3361 lapides
1331 3285 1450 3363 excipit,
1461 3283 1517 3341 alios

484 3363 583 3422 solerti
595 3385 733 3422 munuum
748 3386 836 3443 opera
850 3385 934 3423 suum
949 3387 982 3425 ac
1032 3366 1062 3422 in
1092 3364 1282 3422 fundamenta
1306 3377 1413 3441 sponte
1439 3363 1517 3423 subri-

484 3444 634 3524 proprium
660 3445 690 3502 in
713 3466 797 3504 nsum
823 3444 981 3505 elaborari:
1034 3445 1145 3512 dentes,
1160 3445 1231 3503 alios
1245 3445 1382 3522 superius
1396 3447 1427 3503 in
1441 3458 1518 3503 struc-

485 3535 515 3582 at
529 3524 606 3582 idem
618 3526 793 3603 simulatque
802 3526 982 3585 fructuosum
1034 3538 1107 3584 turae
1116 3525 1225 3584 corium
1238 3524 1319 3583 ultro
1328 3526 1516 3584 subvolantes:
1525 3531 1547 3591 25

485 3617 515 3663 et
530 3605 713 3664 commodum
724 3627 787 3664 esse
800 3606 916 3676 desinit,
928 3606 985 3665 sol·
1034 3607 1085 3665 sed
1099 3606 1274 3664 architectus
1295 3606 1327 3661 in
1347 3626 1433 3663 suum
1448 3624 1517 3682 quos·

487 3687 514 3741 vi
535 3686 684 3755 continuo,
699 3699 729 3745 et
748 3687 869 3745 confuse
885 3687 984 3745 admo-
1034 3707 1091 3764 que
1112 3686 1207 3744 locum
1233 3686 1348 3743 delatos
1372 3700 1440 3765 apte
1463 3704 1516 3745 oon·

486 3765 555 3824 dum
586 3787 619 3824 ac
646 3768 815 3845 perturbate
842 3767 984 3847 dissipari,
1034 3769 1176 3843 cinneque
1195 3765 1335 3844 disponit.
1388 3766 1432 3825 At
1454 3774 1517 3846 post·

486 3857 591 3926 utpote
618 3847 696 3924 quod
721 3868 755 3906 ea
778 3869 836 3906 non
860 3849 985 3928 amplius
1035 3868 1121 3925 quam
1130 3847 1251 3905 subruta
1262 3857 1316 3911 est,
1329 3848 1380 3905 ubi
1392 3848 1442 3906 ubi
1452 3862 1517 3906 casus

486 3927 636 4005 sapientia,
668 3929 752 4004 cujus
785 3929 879 4006 ipsum
917 3938 985 3987 ante
1036 3927 1146 3993 tulerit,
1166 3927 1272 4004 singuli
1293 3925 1408 4004 disjecti
1430 3924 1546 4007 pessimo

486 4028 556 4066 cura
581 4010 777 4074 conservabat,
793 4020 934 4068 tractetur
952 4030 985 4067 ac
1036 4022 1202 4085 temereque
1213 4008 1322 4083 jacent.
1347 4008 1514 4066 ltadurnna·

486 4099 612 4165 regatur.
642 4090 690 4147 lta
703 4090 920 4157 vestimentum,
933 4110 986 4148 nec
1036 4090 1078 4148 vis
1097 4088 1302 4167 compingitur,
1318 4109 1377 4146 non
1396 4110 1427 4147 se
1443 4090 1513 4176 ipsafn

487 4170 620 4235 stamine,
631 4172 739 4247 absque
753 4170 875 4229 textoris
886 4191 984 4235 mauri,
1037 4171 1133 4228 carina
1143 4169 1311 4232 summittit,
1328 4189 1386 4226 non
1401 4168 1513 4226 matuta

488 4270 518 4307 ae
538 4250 602 4327 ipso
616 4252 802 4317 consistente,
814 4271 868 4309 uec
886 4252 985 4310 subte-
1037 4250 1132 4308 medio
1151 4261 1262 4308 rectum
1278 4270 1308 4308 se
1328 4270 1359 4308 se
1373 4249 1457 4318 tollit,
1470 4259 1511 4303 non

489 4330 567 4387 mine
579 4351 610 4388 se
624 4330 716 4410 ipsum
733 4331 811 4389 ultro
822 4331 916 4389 eidem
932 4334 984 4389 iru-
1036 4331 1115 4408 ligna
1128 4341 1232 4389 caetera
1241 4331 1329 4388 situm
1341 4351 1377 4388 ex
1391 4350 1421 4388 aa
1431 4350 1458 4386 se
1467 4323 1539 4383 for-3>

488 4410 615 4488 plicante
636 4412 816 4490 pertexitur:
843 4412 927 4489 cujus
941 4423 984 4470 ta-
1036 4413 1144 4471 tuitum
1160 4411 1324 4490 accipiunt:
1350 4431 1401 4469 nec
1414 4419 1507 4468 centum
