4092 5150
475 428 540 492 412
773 427 1026 506 RELIQUIAE'
1051 429 1236 495 SACBAE.

475 598 548 702 γάρ
574 602 614 679 ε’κ
641 606 715 678 τῶν
742 600 887 700 ἀτόμων
913 603 1133 704 Ἐπικούρου
1159 602 1357 704 θεογονίιι,
1372 607 1448 680 riv
1471 599 1532 700 uir

475 736 631 838 ἀπείρων
659 732 808 833 κόσμων
842 734 969 841 ἕξοράς
997 739 1111 833 ἐστιν,
1143 743 1195 822 είς
1227 736 1268 816 δὲ
1297 735 1368 837 τὴν
1395 733 1534 839 ἔκειρον

475 871 657 968 ἀκοσμίαν
673 867 953 977 πεφυγάδευται.

532 1005 774 1108 Ἐργάζεσθαι
792 1005 835 1085 δέ
858 1040 900 1108 γε
929 1009 989 1087 καὶ
1017 1011 1169 1104 διοικεῖν,
1187 1011 1249 1087 καὶ
1272 1010 1472 1112 εὐεργετεῖν
1491 1042 1534 1106 τε,

478 1144 535 1219 καὶ
553 1138 810 1241 προκήδεσθαι,
828 1144 888 1220 καὶ
906 1138 953 1219 τά
970 1149 1129 1238 τοιαῦτα,
1147 1150 1224 1226 τοῖς
1240 1141 1311 1241 μὲν
1328 1146 1466 1245 ἀργοῖς,
1483 1147 1553 1223 sals

476 1271 627 1380 ἄφροσι,
646 1279 705 1353 καὶ
731 1276 915 1373 ἀσθενέσι,
933 1279 994 1356 καὶ
1018 1278 1241 1380 κακούργως,
1260 1279 1355 1362 ἴσως
1382 1280 1532 1382 ἐπαχθῆ,

479 1407 532 1493 οἶς
548 1408 782 1515 ἐγκατέλεξεν
800 1409 926 1490 ἑαυτὸν
943 1413 1168 1514 Ἐπίκουρος,
1186 1421 1338 1492 τοιαῦτα
1352 1412 1535 1520 φρονήσας

480 1547 561 1645 περὶ
580 1550 652 1622 τῶν
671 1548 790 1623 Θεῶν.
817 1552 892 1629 τοῖς
911 1545 950 1625 δὲ
968 1548 1190 1643 σπουδαίοις,
1210 1550 1270 1625 καὶ
1289 1551 1469 1647 δυνατοῖς,
1483 1550 1534 1625 καὶ

480 1685 651 1774 συνετοῖς,
670 1681 728 1758 καὶ
748 1678 953 1786 σώφροσιν,
966 1680 1061 1763 οἵους
1080 1677 1167 1759 εἶναι
1186 1679 1259 1785 χρὴ
1277 1680 1364 1764 τοὺς
1386 1679 1533 1788 φιλοσύ-

481 1819 586 1920 φους·
613 1811 721 1919 πόσῳ
739 1846 782 1914 γε
799 1820 946 1912 μᾶλλον
963 1812 1048 1898 τούς
1064 1815 1181 1898 θεούς
1196 1849 1207 1912 ;
1240 1816 1310 1919 ούχ
1335 1815 1436 1900 ὅπως
1451 1818 1566 1914 dodim

482 1954 594 2025 ταῦτα
613 1950 670 2024 καὶ
688 1945 890 2049 προσάντη,
910 1947 1011 2027 ἀλλὰ
1029 1953 1088 2028 καὶ
1112 1948 1350 2052 τερπνύιατα,
1368 1952 1429 2029 καὶ
1446 1947 1527 2029 πίν-

481 2116 554 2161 των
572 2089 718 2180 μᾶλλον
736 2081 1014 2180 ἀοπαστύτατα,
1033 2082 1085 2168 οἶς
1102 2082 1146 2163 τὸ
1164 2082 1305 2181 ἀμελὲς,
1324 2086 1383 2163 καὶ
1402 2086 1444 2164 τὸ
1453 2083 1527 2182 μελ-

483 2226 559 2297 λειν
577 2252 612 2296 τι
629 2213 798 2320 πράττειν
815 2225 888 2298 τῶν
907 2226 1091 2323 χρηστῶν,
1109 2218 1254 2317 ὄνειδος,
1266 2225 1317 2303 ὡς
1335 2222 1481 2304 ἐκείνους
1494 2251 1526 2296 ιε

484 2351 633 2453 ποιητὴς
651 2357 810 2432 νουθετεῖ
824 2353 1102 2452 συμβουλεύων,

601 2489 697 2587 Mod
718 2486 997 2583 ἀναβάλλεσθαι
1014 2491 1051 2572 ἐς
1067 2489 1098 2567 τ’
1119 2490 1253 2593 σύρων
1529 2510 1552 2569 ¹⁵

383 2636 387 2644 '
486 2625 545 2703 καὶ
563 2630 878 2726 προσεπαπειλῶν,

599 2764 677 2838 Alei
696 2764 725 2838 δ’
746 2760 988 2863 ἀμβολιεργὸς
1005 2759 1096 2864 ἀνὴρ
1115 2758 1225 2866 ἄτῃσι
1243 2765 1402 2841 παλαίει·

487 2894 577 2992 ἡμᾶς
595 2928 633 2973 τε
653 2893 870 2997 σεμνότερον
888 2895 1044 2976 παιδεύει
1062 2895 1263 3003 προφήτης,
1283 2899 1457 3001 θεοπρεπῆ
1471 2890 1520 2992 μὲν

488 3028 598 3114 ὅντως
626 3031 714 3132 ἔργα
741 3030 787 3109 τὰ
815 3034 890 3109 κατ’
912 3030 1042 3136 ἀρετὴν
1070 3032 1241 3137 ὑπάρχειν
1267 3031 1396 3135 λέγων,
1414 3031 1471 3111 τὸν
1492 3024 1520 3103 δὲ

491 3275 670 3352 Theogonis,
693 3296 729 3333 ex
754 3276 875 3336 infinitis
900 3279 988 3337 etism
1040 3297 1098 3356 quc
1122 3297 1233 3355 aspero,
1259 3296 1361 3334 verum
1388 3276 1470 3335 etium
1484 3270 1553 3346 ju·20

489 3356 606 3414 mundis
629 3356 769 3422 exulavit,
792 3359 821 3415 in
846 3358 990 3417 infinitum
1041 3358 1217 3417 cundissims
1245 3368 1326 3422 sunt,
1355 3357 1523 3427 omniumque

490 3437 990 3516 pcrtttrbutionisvostitntemejecto.
1042 3438 1228 3497 suavissimo:
1245 3437 1353 3515 quibus
1367 3430 1525 3514 negligentia

534 3517 633 3574 Moliri
649 3518 990 3594 uliquidndministrarc,
1042 3538 1197 3595 rerumque
1224 3520 1365 3575 bonarum
1390 3508 1526 3595 procrasti-

492 3598 671 3664 benefucerc,
694 3600 856 3676 providere,
878 3600 992 3677 aliaque
1043 3600 1124 3656 notio
1162 3598 1294 3656 dedecori
1329 3598 1471 3664 vertitur3
1497 3587 1526 3648 td

493 3677 609 3746 similia,
641 3679 784 3738 inertibus
814 3681 931 3757 quidem
960 3700 993 3738 uc
1044 3699 1117 3756 quos
1133 3678 1207 3735 illud
1225 3678 1436 3737 commonentis
1449 3678 1555 3755 poettli

493 3758 601 3825 stultis,
626 3758 770 3818 debilibus
798 3782 830 3819 nc
859 3781 992 3838 nequam,
1044 3759 1196 3817 consilium
1212 3759 1371 3838 pertinent,

494 3838 615 3896 molesto
637 3840 713 3897 forto
732 3841 800 3909 siut,
819 3862 943 3919 quorum
962 3862 993 3901 se
1129 3840 1287 3898 -Cras
1299 3860 1335 3897 ne
1347 3845 1500 3914 expectato:

496 3939 627 3986 numero,
639 3920 708 3977 dum
724 3921 793 3980 talin
805 3922 841 3981 de
853 3923 919 3980 Diis
930 3942 995 3980 sen·
1086 3921 1143 3978 Cui
1181 3940 1249 3977 mox
1290 3920 1527 3978 comminationem

494 4001 541 4065 tit.
555 3999 852 4080 Epicurusudjungit.
871 4002 915 4061 At
927 4022 995 4060 vero
1045 4003 1119 4060 hunc
1134 4000 1277 4077 adjungit,

495 4080 640 4146 studiosis,
680 4082 853 4148 volentibus,
893 4083 993 4141 indus·
1082 4083 1238 4141 Cunctator
1247 4076 1558 4159 dumnissemperlut·i⁰

496 4162 569 4227 triis,
595 4173 682 4238 utque
708 4163 871 4233 solertibus,
897 4164 993 4240 cujus·
1128 4170 1207 4220 latur
1221 4163 1343 4220 acerbis.

494 4241 573 4298 modi
583 4242 996 4323 philosophos(quontomugis
1047 4244 1091 4302 At
1112 4264 1165 4301 nos
1185 4244 1302 4319 gravius
1327 4243 1454 4301 instituit
1472 4255 1526 4317 pro·

498 4323 613 4395 Deos?)
653 4343 715 4382 csse
743 4336 876 4404 oportent
888 4348 896 4395 ;
936 4346 995 4382 non
1047 4325 1145 4403 pheta,
1174 4322 1243 4381 dum
1270 4334 1300 4382 et
1329 4323 1454 4381 actiones
1475 4333 1526 4376 cum

497 4402 583 4461 modo
605 4424 662 4460 non
686 4404 845 4482 injucunda
869 4407 930 4464 hoec
951 4417 996 4464 at·
1048 4406 1158 4463 virtute
1185 4403 1356 4480 conjunctus
1387 4404 1450 4461 Deo
1473 4411 1526 4453 vere
