4092 5150
572 414 615 480 46
869 413 1119 491 RELIQUIAE
1146 412 1322 476 SACRAE.

889 674 941 737 Eo
955 670 1051 737 Libro
1066 671 1103 736 do
1117 671 1301 736 Divinitotr.

613 857 751 961 Πέτρου
770 868 833 939 τοῦ
852 858 1053 961 ἁγιωτάτου
1070 856 1298 939 Ἐπισκόπου
1310 856 1593 962 Ἀλεξανδρείας

952 997 1010 1073 καὶ
1031 993 1236 1097 Μόρτνρος.

786 1202 854 1280 Ἐκ
869 1207 933 1279 τοῦ
950 1204 1031 1303 περὶ
1052 1197 1231 1299 Θεότητος
1249 1203 1409 1293 βιβλιου.

627 1343 859 1444 -ἐπειδὴ
873 1347 931 1424 καὶ
944 1345 1089 1442 ἀληθῶς
1108 1343 1152 1441 ”ti
1166 1342 1270 1447 χοῖρις
1284 1341 1376 1441 καὶὴ
1393 1339 1546 1442 ἀλήθεια
1564 1341 1649 1430 &ris

572 1481 697 1578 Ἰησοῦ
711 1485 875 1582 Χριστοῦ
888 1478 1039 1580 ε’γεῦετο·
1056 1477 1138 1557 ὅθεν
1151 1482 1208 1556 καὶ
1222 1488 1237 1519 ⁰
1241 1475 1360 1581 χάριτι
1373 1475 1484 1575 ε’σμέν
1493 1512 1618 1558 σεσω-

570 1617 709 1715 σμένοι,
723 1614 866 1696 κατὰτὸ
879 1614 1126 1696 ἀποστολικῦν
1137 1611 1257 1717 ῥητόν·
1280 1617 1352 1694 Καὶ
1363 1622 1479 1711 τοῦτο,
1492 1618 1621 1718 φησὶν,

572 1752 636 1829 οῦκ
655 1753 698 1856 ἐξ
714 1752 824 1850 ἡμῶν,
844 1756 939 1829 Θεοῦ
957 1749 1000 1829 τὸ
1018 1754 1143 1851 δῶρον,
1156 1749 1221 1827 οῦκ
1239 1748 1283 1854 ἐξ
1299 1748 1414 1851 ἔργων
1428 1747 1549 1848 ἵναμή
1568 1783 1621 1833 τις

572 1883 807 1989 καυχήσηται.
847 1886 1036 1985 Θελήρατι
1055 1890 1151 1964 Θεοῦ
1174 1886 1216 1962 Po
1242 1883 1361 1984 Λόγος
1385 1881 1487 1990 σὰρξ
1512 1882 1617 1985 γενό·

572 2054 687 2118 μενος,
706 2024 788 2099 irat
805 2018 966 2124 σχήματι
989 2022 1139 2123 εὑρεθεὶς
1161 2023 1208 2102 ὡς
1235 2018 1422 2120 ἅνθρωποι·
1441 2019 1504 2096 οῦκ
1528 2021 1617 2098 ἀπε-
1636 2040 1668 2078 ¹0

573 2155 705 2260 λείφθη
739 2158 802 2253 τῆς
832 2153 1008 2253 θεότητος.
1045 2153 1125 2233 οὐδὲ
1155 2150 1225 2256 γὰρ
1256 2153 1314 2231 ἵνα
1346 2155 1409 2251 τῆς
1441 2149 1622 2251 δυνάμεως

572 2290 681 2369 αὐτοῦ
700 2287 722 2390 ἢ
742 2289 850 2396 δόξης
872 2288 997 2369 τέλεον
1021 2291 1168 2393 ἀποστῇ
1194 2289 1422 2393 ῐπτωχεῦσατ
1442 2287 1623 2373 πλούσιοι·

572 2423 632 2521 ὧν,
662 2432 767 2503 τοῦτο
794 2424 941 2526 ἐγένετο·
976 2426 1060 2504 ἀλλ’
1090 2425 1149 2504 ἵνα
1176 2423 1323 2503 καὶτὸν
1350 2421 1505 2503 θάνατον
1533 2423 1622 2528 ῦπέρ

572 2559 673 2658 ἡμῶν
692 2565 763 2639 τῶν
779 2561 1004 2662 ἁμαρτωλῶν
1023 2559 1245 2666 ἀναδεξηται,
1265 2558 1414 2643 ’δίκαιος
1433 2558 1520 2662 ῦπέρ
1539 2561 1620 2640 ἀδί-

574 2730 658 2790 κων,
677 2694 774 2777 ῦπως
792 2696 884 2793 ἡμᾶς
901 2693 1123 2800 προσαγάγῃ
1140 2700 1193 2802 τῷ
1212 2700 1306 2801 Θεῷ,
1322 2698 1538 2779 θανατωθεὶς
1557 2695 1624 2794 μὲν
1638 2720 1670 2776 ¹5

572 2833 693 2932 σαρκὶ,
711 2830 935 2932 ζωοποιηθεὶς
954 2828 992 2910 δὲ
1008 2829 1191 2928 πνεύματι.

625 2966 693 3037 Καὶ
710 2968 782 3048 μεθ’
799 2968 909 3063 ἕτερα.

810 3165 904 3223 Veteri
921 3166 1081 3241 Interprete
1096 3166 1196 3225 Morio
1213 3168 1385 3228 Mercatore.

585 3280 665 3336 Petri
684 3278 855 3336 sanctissimi
872 3279 1011 3357 Episcopi
1031 3291 1061 3337 et
1122 3293 1166 3339 est
1191 3303 1266 3348 οοτο,
1288 3283 1447 3361 habituque
1468 3285 1623 3345 inventum

748 3359 896 3437 Martyris.
1123 3372 1156 3419 ut
1176 3363 1272 3431 homo,
1296 3384 1352 3421 non
1373 3365 1528 3423 recessitis
1549 3367 1623 3425 Dei.
1636 3386 1675 3426 το

649 3480 802 3538 Exhibm
816 3479 985 3539 deDeimoe
1122 3453 1192 3500 tate.
1226 3443 1332 3522 Neque
1343 3446 1520 3504 enimoade
1534 3467 1624 3506 eausa

987 3525 994 3538 '
1122 3542 1230 3599 egenus
1241 3523 1335 3582 factus
1346 3536 1390 3583 est
1404 3546 1468 3583 cum
1483 3538 1561 3585 esset
1576 3528 1621 3586 di·

613 3599 688 3652 Cum
711 3614 777 3652 vere
798 3596 890 3670 gratia
911 3607 941 3653 et
965 3597 1072 3655 veritas
1122 3623 1180 3669 ves,
1197 3615 1230 3661 ut
1249 3604 1366 3663 virtutis
1388 3617 1439 3663 aut
1460 3607 1623 3683 majestatis

573 3696 625 3753 per
639 3675 740 3733 Jssum
757 3675 904 3732 Christum
920 3676 995 3733 facta
1015 3678 1069 3743 sit;
1121 3703 1180 3740 suae
1192 3685 1369 3761 perfectione
1377 3697 1554 3757 exueretur3
1570 3688 1623 3747 sed

573 3756 641 3813 hinc
662 3754 820 3814 secundum
843 3755 980 3833 Apostoli
1003 3756 1070 3816 doc·
1123 3774 1157 3820 ut
1171 3777 1201 3823 et
1216 3776 1337 3823 mortem
1353 3787 1405 3844 pro
1421 3767 1505 3825 nobis
1519 3788 1622 3845 peom-
1636 3790 1672 3847 25

573 3836 678 3894 trinam
706 3836 799 3913 gratia
821 3836 927 3893 'salvati
961 3858 1070 3896 sumus
1123 3845 1235 3903 toribus
1257 3846 1425 3923 susciperet,
1460 3849 1547 3906 'ustus
1568 3870 1624 3928 ροο

574 3917 629 3974 Ait
643 3917 738 3973 enim:
766 3915 805 3972 Er
826 3916 945 3974 koenon
965 3939 999 3975 er
1022 3940 1070 3977 no·
1122 3923 1239 4003 injustis
1248 3946 1261 3990 ,·
1289 3934 1317 3983 ut
1340 3946 1390 3983 nor
1410 3949 1427 3985 ο
1450 3937 1523 3985 mer
1548 3930 1622 3995 Deo,

573 3996 618 4053 Iris
626 4018 639 4061 ;
664 3997 722 4054 Dei
736 3996 807 4053 enim
823 3998 924 4054 donum
936 4007 1000 4063 esu
1016 4020 1070 4057 ιιοπ
1121 4006 1307 4082 mortificatus
1318 4007 1428 4085 quidem
1440 4028 1536 4074 corne,
1549 4011 1622 4069 vivi.

573 4076 759 4154 exoperibus,
770 4084 799 4133 ot
810 4079 1069 4156 nequisglorietur.
1111 4087 1221 4160 ficator
1235 4095 1327 4145 orclem
1342 4087 1454 4165 spiritu.

574 4156 630 4215 Dei
647 4156 796 4214 voluntate
813 4157 942 4215 Verbum
961 4159 1069 4217 factum
1158 4169 1192 4223 Et
1205 4178 1266 4239 post
1278 4188 1362 4240 pauca
1374 4189 1491 4227 rursum.
1635 4194 1676 4250 30

639 4321 653 4348 n
666 4310 739 4357 Josn.
754 4311 768 4356 i.
786 4326 821 4372 17.
987 4325 1000 4352 ⁰
1013 4314 1076 4377 Eph.
1086 4316 1109 4363 ii.
1121 4317 1144 4376 8,
1154 4332 1176 4380 9.
1337 4317 1436 4366 pJoan.
1450 4319 1501 4366 xiii.
1518 4334 1554 4379 ¹⁴·

638 4403 651 4439 Ιι
667 4390 728 4437 PhiL
742 4391 768 4439 ii.
780 4393 803 4438 8.
982 4406 993 4433 ¹
1007 4409 1019 4442 2
1033 4398 1088 4445 Cor.
1102 4398 1150 4445 viii.
1161 4413 1184 4462 9.
1334 4410 1344 4437 ε
1360 4414 1368 4446 ι
1386 4400 1438 4449 Pet.
1450 4400 1485 4449 iii.
1501 4400 1537 4449 18.
