4092 5150
473 422 538 484 328
661 418 818 482 GESTA
842 416 975 480 APUD
999 406 1339 480 ZENOPHILUM.

475 600 496 627 “
506 590 654 665 veritate,
664 590 772 673 tquod
783 596 817 652 et
827 610 884 652 vos
894 596 928 652 et
938 609 997 651 uos
1007 587 1132 661 seimus.
1143 586 1237 650 n'outi
1248 585 1346 649 nobis
1355 584 1514 655 retulistis;

476 712 496 739 “
511 717 544 766 et
565 701 717 787 seiiptum
732 707 799 766 ost:
823 702 912 763 ¹Nost
932 709 972 763 at
987 699 1109 783 ωρὶοιιι
1129 698 1294 782 quisquan
1312 698 1397 761 inter
1414 695 1518 780 ooeqsi

477 805 1518 898 “possitjsdieareistersrutresiudsroteromfmtrey'sdi

479 931 499 962 “
516 932 613 998 catur,
628 932 656 985 et
669 921 722 984 hoo
735 919 823 1004 opud
836 918 988 1002 infidato.-
1007 919 1101 982 siouti
1115 939 1183 993 vos,
1195 939 1271 981 etun
1285 916 1450 1003 injudicio
1458 938 1518 980 oon-

478 1040 498 1070 “
516 1032 657 1096 tenditis.
689 1029 742 1094 Sie
755 1031 796 1095 od
817 1030 878 1094 hoo
892 1029 1036 1093 exilitum
1050 1037 1101 1092 est
1116 1036 1154 1092 ut
1172 1027 1328 1112 gentibus
1341 1029 1455 1092 domus
1466 1026 1518 1091 ete

479 1151 501 1178 “
516 1138 706 1224 exemplum,
715 1146 752 1201 ut
766 1136 820 1221 qui
836 1159 893 1221 per
907 1159 965 1200 nos
976 1136 1048 1201 Deo
1058 1137 1241 1208 eredebant,
1254 1135 1319 1220 ipsi
1331 1137 1426 1201 nobis
1439 1135 1518 1199 mdo

481 1258 500 1285 “
515 1249 635 1323 dieunt,
650 1268 722 1311 oum
741 1247 784 1310 od
806 1245 967 1328 publicum
987 1245 1209 1331 pervenimus?
1230 1245 1333 1330 Ergo,
1351 1266 1395 1310 ne
1411 1245 1454 1309 ud
1470 1244 1518 1307 hoe

480 1367 500 1394 ‘⁶
518 1355 675 1432 veniatur,
691 1378 758 1431 vos,
773 1356 828 1440 qui
843 1355 1003 1442 spiritales
1017 1355 1105 1432 estis,
1120 1355 1218 1419 fnoite
1231 1364 1272 1419 ut
1286 1375 1383 1418 nemo
1393 1354 1480 1429 soist,
1488 1360 1517 1415 ut

480 1474 503 1502 “
517 1487 588 1528 eum
604 1487 681 1550 paee
704 1466 824 1550 pusohn
844 1466 1055 1542 celebremus3
1077 1474 1111 1530 et
1131 1465 1305 1529 hortemini
1322 1486 1380 1528 eos
1397 1463 1464 1549 poei
1479 1484 1516 1525 re

483 1583 504 1614 ‘⁶
517 1574 894 1652 oonoiliari,etdissensio
904 1596 969 1638 non
979 1574 1033 1651 sit,
1042 1596 1083 1638 ue
1093 1574 1395 1660 oumsdpublioum
1405 1582 1517 1639 ventum

482 1694 503 1722 “
519 1685 627 1762 fuerit,
640 1685 798 1771 incipiatis
815 1695 849 1751 et
862 1708 919 1750 vos
933 1686 1117 1771 periclitari,
1129 1686 1156 1749 si
1170 1686 1232 1750 hoo
1245 1686 1371 1751 fectum
1385 1686 1517 1761 intentet

485 1805 632 1882 “posteo
655 1797 744 1860 vobis
762 1798 938 1883 imputetis.
981 1798 1132 1863 ¹Debitis
1150 1797 1386 1883 quamplurimo
1407 1804 1442 1861 tu
1460 1816 1517 1880 poe

486 1915 505 1944 ‘⁴
521 1929 625 1971 sessor
656 1908 779 1972 Donati
802 1909 978 1993 presbyter,
1002 1908 1117 1994 singuli
1141 1908 1246 1972 Valeri
1270 1916 1307 1972 et
1334 1908 1452 1980 Viotor,
1474 1903 1516 1987 qui

485 2022 506 2054 ‘⁴
521 2017 629 2080 omniu
643 2017 742 2093 soitis,
758 2025 904 2082 sotutum
918 2019 994 2083 doto
1008 2040 1139 2105 oporam
1153 2027 1191 2083 ut
1204 2041 1270 2104 pex
1285 2019 1329 2084 sit
1344 2017 1516 2083 sobmouu’¹

488 2128 573 2191 Item
593 2128 657 2192 elia
678 2129 823 2193 recitate
864 2141 883 2161 ‘⁴
897 2129 1006 2194 Fratri
1029 2129 1158 2194 Silvano
1180 2130 1319 2194 Sabinus
1341 2130 1376 2192 iu
1399 2127 1515 2192 Domino

488 2245 675 2302 “veternam
701 2238 848 2302 sulutem.
894 2239 1044 2304 Pervenit
1065 2240 1108 2302 sd
1131 2261 1190 2303 nos
1213 2239 1433 2303 Nundiumius
1452 2236 1515 2299 filius

489 2356 508 2385 ‘⁶
526 2357 611 2423 tuus,
628 2370 691 2411 nou
706 2355 834 2411 tantum
848 2349 890 2412 ad
904 2370 966 2424 me,
982 2349 1082 2413 sedet
1095 2349 1138 2412 od
1152 2349 1287 2412 fratrem
1302 2358 1444 2413 nostum
1455 2345 1514 2408 For-

489 2468 510 2495 “
526 2466 602 2535 tem,
618 2459 734 2522 fortem
749 2467 783 2522 et
796 2480 926 2543 gravem
940 2458 1101 2543 querelem
1122 2459 1271 2522 referens.
1318 2458 1423 2522 Miror
1433 2454 1514 2541 grsvi·

490 2578 510 2604 ‘⁶
528 2566 589 2631 teti
605 2573 681 2642 tuoe,
697 2567 741 2631 sio
764 2578 798 2631 te
811 2567 913 2652 egisse
934 2591 1006 2633 oum
1025 2568 1090 2633 filio
1105 2579 1174 2644 tuo,
1188 2589 1284 2652 quem
1304 2577 1341 2632 tu
1361 2563 1513 2632 nutristiet

492 2686 511 2712 “
527 2678 690 2741 ordinasti.
729 2678 763 2741 Si
778 2679 862 2742 enim
876 2679 1043 2743 aedifioium
1055 2690 1150 2743 terrae
1165 2688 1324 2743 structum
1340 2680 1392 2752 sit,
1405 2700 1461 2742 uou
1472 2674 1512 2738 sd·

493 2794 513 2823 “
525 2786 613 2849 ditur
623 2787 698 2869 quid
710 2786 846 2864 ooeloste,
858 2788 942 2871 quod
954 2810 1011 2873 per
1027 2809 1155 2852 menum
1166 2788 1344 2851 sacerdotis
1354 2788 1512 2852 aedifioatu.

492 2896 591 2960 “Sed
607 2907 733 2960 nonest
749 2898 806 2961 tibi
823 2898 1015 2973 mirandum,
1032 2898 1197 2982 Scriptura
1212 2899 1360 2962 dieente:
1386 2893 1513 2962 ‘Peras

494 3015 512 3041 “
523 3007 704 3091 sapientiem
715 3009 907 3092 sapientium,
922 3019 949 3073 et
956 3008 1364 3094 prudentiamprodeutium
1374 3001 1512 3092 reprobabo

495 3125 514 3156 ‘⁶
532 3116 576 3180 Et
592 3117 707 3181 iterum
720 3118 816 3181 dicit:
838 3119 973 3182 uPotius
983 3120 1151 3184 dimotum
1162 3119 1294 3183 homines
1304 3112 1513 3198 tenebrosum}

495 3238 513 3260 ‘⁵
529 3248 620 3310 quem
635 3228 738 3304 luem,
750 3229 843 3293 sicuti
854 3240 887 3293 et
898 3239 935 3293 tu
947 3230 1034 3294 foois.
1067 3230 1209 3294 Suffioiet
1224 3231 1314 3293 vobis
1328 3231 1432 3294 omnio
1440 3227 1512 3293 sciro

496 3345 625 3419 “super
647 3338 731 3420 quod
753 3346 787 3401 et
806 3338 908 3403 frater
924 3348 1034 3404 noster
1055 3340 1163 3403 Fortis
1185 3341 1245 3404 tibi
1270 3341 1406 3426 scripsit.
1446 3337 1512 3401 Nm

495 3456 515 3481 ‘⁸
530 3446 676 3527 petierim
691 3448 731 3510 de
746 3448 881 3513 caritate
896 3456 963 3523 tuo,
980 3449 1081 3514 freter
1094 3449 1326 3534 benignissime,
1343 3459 1381 3514 ut
1397 3446 1512 3532 suppleas

497 3566 516 3592 ‘⁸
531 3557 653 3621 dietum
669 3558 774 3622 Esaiae
789 3560 971 3644 prophetat:
997 3561 1174 3646 ”Expedite
1188 3560 1407 3645 indignitatem
1420 3559 1450 3622 de
1465 3550 1511 3618 oti·

498 3677 516 3702 ‘⁸
532 3669 589 3730 mis
610 3669 724 3745 eastris,
741 3680 768 3733 et
790 3671 893 3744 venite,
912 3671 1105 3756 dr‘epstenms,
1124 3672 1200 3735 dieis
1221 3672 1382 3735 Dominus.
1420 3670 1456 3733 Et
1473 3666 1511 3729 ite

499 3788 517 3814 “
532 3801 621 3844 rum:
644 3781 817 3865 iPej‘wie
832 3783 946 3845 molo-m
965 3782 1002 3846 de
1021 3783 1117 3847 medio
1131 3793 1271 3847 omrem.
1317 3784 1370 3848 Sio
1385 3791 1416 3847 et
1429 3789 1457 3845 tu
1469 3776 1509 3839 itt·

499 3900 518 3927 “
533 3890 675 3975 Subjugo
689 3898 723 3954 et
743 3900 851 3955 averte
871 3891 1136 3977 seditionesque
1158 3893 1329 3956 noluerunt
1350 3914 1414 3956 esse
1430 3898 1508 3974 pacem

499 4009 518 4036 “
533 4003 616 4065 inter
631 4010 664 4064 to
684 4010 718 4065 ot
738 4001 836 4065 filium
857 4012 957 4066 tuum.
1005 4005 1070 4067 Sed
1087 4005 1169 4068 filius
1189 4014 1264 4069 tuus
1284 3989 1507 4067 Nundineriusin
