4092 5150
474 437 539 497 340
707 435 737 495 S.
762 433 1004 495 PAMPHILI
1032 433 1296 497 MARTYRIS

474 624 512 666 eo
528 603 581 686 qui
597 602 636 664 de
652 601 789 686 Origene
808 623 872 665 non
893 601 1014 686 aliquid
1034 602 1117 666 male
1131 603 1278 666 senserit
1325 602 1374 667 Et
1387 604 1521 687 quamvis

474 726 538 767 non
554 726 656 767 meam
671 705 711 768 de
726 726 764 767 co
784 704 987 775 sententiam,
1003 705 1060 767 sed
1082 704 1184 768 sancti
1203 703 1359 788 martyris
1377 704 1522 789 Pamphili

475 804 656 869 sciscitatus
675 805 729 881 sis,
745 813 779 868 et
793 805 909 868 librum
924 806 1002 888 ejus,
1019 827 1112 888 quem
1133 828 1192 891 pro
1207 806 1349 890 Origene
1368 807 1403 869 iu
1417 807 1520 870 Graeeo

475 908 636 992 scripsisse
659 907 808 980 traditur,
825 908 991 972 transferri
1014 908 1074 971 tibi
1096 909 1278 992 poposceris
1300 909 1334 971 in
1358 908 1518 972 Latinum:

475 1018 582 1074 tamen
604 1030 666 1072 non
682 1008 796 1071 dubito
812 1008 936 1072 futuros
958 1009 1124 1092 quosdam,
1141 1010 1195 1092 qui
1215 1017 1250 1073 et
1271 1009 1306 1073 in
1320 1031 1361 1073 eo
1382 1010 1474 1074 laesos
1490 1030 1522 1073 se

473 1118 599 1196 putent,
615 1111 641 1173 si
657 1132 715 1173 nos
729 1109 848 1193 aliquid
863 1131 922 1193 pro
936 1132 975 1173 eo
990 1109 1038 1173 rel
1053 1111 1157 1174 alieno
1172 1132 1319 1174 sermone
1333 1111 1486 1175 dieamm.

517 1214 604 1292 Quos
631 1219 738 1275 tamen
763 1218 797 1274 et
824 1211 910 1292 ipsos
936 1213 1144 1295 deprecamur
1169 1213 1247 1276 nihil
1277 1222 1455 1295 praesumto
1478 1212 1521 1277 rel

473 1314 682 1400 prejudicato
704 1315 811 1377 animo
832 1335 946 1397 agere:
970 1314 1028 1377 sod
1052 1315 1202 1398 quoniam
1222 1315 1266 1378 ad
1286 1315 1445 1400 judicium
1466 1313 1521 1378 Dei

474 1417 599 1482 venturi
625 1438 743 1491 sumus,
770 1437 834 1479 non
863 1414 1023 1500 refugiant
1048 1416 1129 1479 seim
1155 1417 1240 1500 quod
1267 1438 1380 1479 verum
1405 1424 1462 1492 est,
1486 1436 1522 1479 ne

473 1519 557 1582 forte
579 1517 763 1601 ignorantes
787 1516 993 1601 delinquant:
1016 1517 1073 1580 sod
1093 1518 1334 1581 considerantes
1350 1519 1427 1602 qnia
1443 1517 1522 1581 falsis

474 1618 745 1684 criminationibus
760 1625 927 1702 pereutere
940 1618 1077 1683 fratrum
1094 1618 1292 1682 infirmorum
1306 1620 1522 1695 conscientias,

474 1724 507 1785 in
523 1721 688 1785 Christum
710 1741 842 1803 peccare
856 1729 925 1790 est;
949 1721 1021 1784 ideo
1041 1742 1105 1784 non
1125 1721 1371 1785 accommodent
1386 1722 1521 1785 crimina·

474 1824 598 1888 toribus
620 1844 729 1886 aurem
753 1844 853 1895 suam,
878 1844 936 1886 nee
957 1823 999 1886 ab
1021 1823 1085 1887 alio
1111 1823 1237 1886 discant
1260 1823 1397 1886 alterius
1422 1823 1519 1898 fidem,

475 1925 611 1989 maxime
626 1946 697 1988 cum
713 1946 820 1988 eoram
840 1924 976 2009 experiri
992 1923 1035 1988 sit
1050 1925 1153 2009 copia,
1168 1925 1282 1988 eteris
1302 1927 1352 1988 sui
1375 1928 1521 1989 confessio

475 2027 553 2111 quid
573 2027 620 2090 vel
644 2026 779 2109 qualiter
800 2027 1013 2111 unusquisque
1037 2027 1149 2103 credit,
1165 2028 1327 2091 ostendat.
1374 2028 1427 2092 Sic
1445 2029 1520 2092 enim

475 2129 626 2213 seriptum
648 2135 707 2202 est,
731 2127 805 2211 qnia
827 2128 938 2191 ⁸eordc
958 2129 1095 2192 creditur
1116 2130 1159 2191 od
1173 2129 1411 2211 justitiarum
1431 2140 1519 2194 euos

475 2231 616 2314 confessae
634 2232 676 2313 fil
698 2231 742 2293 ad
762 2230 908 2294 soblem:
938 2242 981 2304 et,
1010 2231 1069 2294 berr
1094 2230 1197 2294 verbis
1222 2232 1289 2295 suis
1314 2233 1519 2316 unusquisque

472 2332 710 2417 justificabitur,
731 2340 765 2397 et
787 2354 827 2395 ex
849 2331 953 2396 verbis
974 2331 1039 2395 suis
1061 2333 1335 2397 condemnabitur.
1382 2333 1518 2402 Qualiter

476 2455 552 2519 ergo
567 2436 720 2521 Origenes
735 2436 775 2498 de
790 2435 920 2519 singulis
934 2434 1081 2519 capitulis
1098 2442 1283 2499 sanctarum
1298 2437 1515 2521 scripturamm

476 2537 622 2615 senserit,
638 2545 731 2602 tenor
752 2535 847 2601 libelli
871 2536 966 2621 hujus
988 2538 1130 2601 edoceat.
1176 2539 1229 2602 De
1250 2538 1302 2603 his
1323 2547 1440 2616 autem,
1456 2559 1513 2622 qna

478 2642 561 2726 npud
579 2662 650 2704 oum
665 2640 826 2704 contraria
841 2638 900 2702 sibi
920 2638 1131 2713 inveniuntur,
1149 2640 1224 2723 quid
1240 2664 1347 2706 causae
1368 2642 1420 2718 sit,
1434 2642 1463 2704 in
1477 2638 1511 2701 nl·

478 2744 557 2806 timo
580 2743 665 2806 brevi
689 2742 866 2825 adjectione
889 2742 1082 2804 docebimus.
1128 2744 1197 2805 Nos
1220 2752 1339 2820 antem,
1364 2744 1443 2806 sicut
1460 2751 1509 2804 tre-

478 2846 578 2909 ‹liturn
592 2854 641 2909 est
656 2845 746 2908 nobis
761 2868 781 2907 a
796 2845 914 2906 sanctis
930 2844 1084 2927 patribus,
1095 2844 1142 2906 ita
1153 2852 1309 2921 tenemus,
1323 2846 1406 2929 quod
1417 2850 1507 2907 saneta

479 2948 620 3012 'l'rinitas
642 2955 800 3010 coaeterna
816 2947 867 3018 sit,
888 2953 921 3009 et
942 2945 1034 3008 unius
1056 2954 1188 3021 natans,
1213 2947 1369 3031 uniusque
1391 2944 1505 3015 virtutis,

478 3057 575 3133 atque
598 3049 806 3119 substantem
832 3057 865 3111 et
881 3048 966 3131 quod
990 3047 1090 3109 Filius
1114 3047 1176 3110 Dei
1202 3049 1232 3111 in
1258 3050 1424 3112 novissimo
1443 3055 1503 3110 tem·

479 3174 555 3235 poro
571 3152 665 3214 homo
681 3152 784 3214 factus
799 3158 857 3222 est,
875 3162 908 3213 et
924 3172 982 3233 pro
997 3150 1135 3233 peccatis
1155 3152 1273 3214 nostris
1294 3174 1406 3236 passus
1419 3156 1468 3222 est,
1479 3151 1503 3207 et

479 3254 511 3316 in
535 3275 572 3316 ea
595 3253 664 3336 ipsu
686 3275 789 3329 carne,
807 3253 838 3314 in
862 3273 925 3334 qna
947 3274 1058 3334 passus
1081 3260 1139 3327 est,
1157 3254 1330 3317 resurrexit
1345 3277 1366 3317 a
1385 3248 1502 3318 mortuis,

480 3367 610 3442 propter
626 3358 710 3442 quod
726 3365 759 3420 et
774 3356 1014 3419 resurrectionis
1029 3378 1116 3439 spem
1133 3356 1272 3418 humano
1283 3356 1390 3440 generi
1405 3348 1500 3417 tribuit

481 3460 595 3523 Carnis
609 3481 682 3521 vero
693 3459 954 3521 resurrectionem
968 3480 1030 3519 non
1042 3480 1099 3540 per
1110 3457 1232 3541 aliquus
1244 3458 1428 3541 praestigias,
1439 3453 1501 3515 sicut

481 3561 620 3624 nonnulli
637 3560 881 3635 calumniantur,
892 3560 1042 3623 dicimus:
1060 3561 1115 3622 sed
1131 3560 1213 3622 hanc
1229 3559 1332 3642 ipsam
1347 3576 1466 3628 carnem,
1477 3549 1500 3609 5⁰

481 3685 543 3745 qua
558 3684 640 3724 nuno
656 3661 797 3737 vivimus,
814 3670 1061 3725 resurrecturam
1078 3662 1253 3733 credimus3
1283 3683 1347 3723 non
1362 3660 1444 3723 aliam
1456 3667 1500 3735 pr⁰

480 3765 553 3838 alia,
576 3785 633 3826 nee
656 3785 769 3846 corpus
791 3763 888 3838 aliud,
909 3784 1003 3847 quam
1027 3763 1120 3845 hujus
1143 3763 1247 3825 carnis
1269 3763 1408 3825 dicimus.
1446 3752 1499 3817 Sil⁰

480 3888 556 3949 crgo
577 3887 691 3948 corpus
711 3874 960 3929 resurrecturum
981 3866 1123 3939 dicimus,
1145 3866 1318 3929 seeundum
1340 3857 1498 3948 Apostolum

482 3969 632 4037 dicimus;
657 3967 715 4029 hoe
732 3968 812 4030 eninr
830 3967 955 4030 nomine
973 3989 1049 4029 usus
1070 3974 1118 4029 est
1138 3966 1207 4028 ille:
1233 3965 1297 4027 sive
1312 3982 1429 4027 earnem
1441 3946 1496 4016 dici·
1533 3947 1541 3971 '

482 4091 562 4141 mus,
592 4070 763 4132 secundum
793 4070 996 4133 traditionem
1023 4069 1156 4152 symboli
1179 4068 1374 4132 confitemur.
1415 4053 1495 4122 Stulte

482 4170 563 4232 enim
587 4171 768 4233 adinventio
784 4170 947 4234 calumniae
970 4179 1031 4245 est,
1047 4193 1160 4254 eorpus
1176 4171 1348 4234 humanum
1369 4163 1439 4231 aliud
1452 4172 1493 4237 pss·

662 4409 674 4434 *ἱ
689 4398 757 4443 Rern.
771 4414 793 4443 x.
812 4412 846 4445 ιο.
1144 4396 1241 4445 llllutt
1254 4398 1295 4443 xii.
1309 4411 1344 4457 37.
