4092 5150
471 417 514 483 92
779 410 1027 488 llELIQUlAE
1047 410 1222 473 SACllAE.

471 585 677 649 advenientes
705 583 795 647 multi
826 583 875 646 uis
904 584 999 646 fidem
1030 585 1257 669 imposuerunt,
1288 590 1323 645 et
1353 580 1522 645 contestari

473 700 559 761 lacta
582 717 644 758 non
675 696 876 772 dubitabant,
900 694 992 757 nimis
1020 693 1216 757 admirantes
1242 690 1398 775 compulsi
1420 713 1524 755 sumus

474 808 533 870 has
548 805 673 869 litteras
688 805 840 868 conficere
862 806 903 868 ad
924 812 967 868 te.
1012 805 1145 884 Qualem
1164 803 1262 868 etiam
1282 803 1523 866 commotionem

474 925 508 981 et
530 915 695 980 tristitiam
718 916 967 978 communionem
992 918 1062 998 (for.
1081 915 1300 991 communiter,
1320 916 1441 998 llleffei)
1463 936 1524 977 om·

474 1028 574 1102 nibus,
592 1036 624 1089 et
640 1026 823 1110 singillatim
839 1026 1015 1110 unicuique,
1032 1027 1170 1111 praebuit
1185 1050 1205 1090 a
1219 1036 1252 1091 te
1266 1026 1355 1091 facta
1367 1027 1545 1098 ordinatios

472 1138 505 1200 in
521 1136 668 1221 paroeciis
689 1137 730 1200 ad
753 1147 787 1199 te
809 1135 937 1198 minime
959 1136 1201 1220 pertinentibus,
1225 1159 1281 1199 nec
1305 1137 1411 1200 dicere
1429 1135 1523 1200 etiarn

472 1249 687 1332 praevalemus.
738 1249 842 1310 Pauca
859 1249 929 1326 (for.
949 1247 1078 1328 Paucis)
1096 1257 1203 1311 tamen
1220 1256 1252 1310 te
1272 1258 1448 1330 arguentes
1464 1268 1523 1309 non

473 1360 673 1423 cessavimus.

519 1470 586 1533 Lex
609 1482 657 1532 est
681 1478 809 1551 patrum
832 1479 864 1531 ct
887 1478 1083 1552 propomam,
1101 1490 1195 1551 quam
1219 1490 1275 1531 nec
1298 1468 1367 1554 ipse
1389 1467 1523 1553 ignoras,

473 1582 650 1645 constituta
672 1579 844 1643 seeundum
868 1578 1007 1641 divirmm
1030 1589 1063 1642 et
1085 1579 1331 1643 ecclesiasticum
1359 1578 1563 1654 ordineru;1o

473 1715 547 1756 nam
563 1699 677 1755 cuncta
694 1694 763 1770 (for.
777 1692 915 1772 cunctis)
931 1714 988 1776 pro
1005 1692 1066 1755 Dei
1082 1692 1199 1776 placito
1219 1698 1252 1756 et
1274 1692 1341 1755 zelo
1361 1690 1523 1754 meliomm

472 1804 514 1867 ab
530 1803 606 1886 ipsis
628 1813 677 1866 est
699 1802 909 1864 constitutum
932 1814 965 1864 et
985 1802 1093 1878 fixum,
1110 1802 1142 1864 in
1162 1801 1272 1865 alienis
1295 1802 1445 1886 paroeciis
1464 1823 1524 1864 nen

473 1913 566 1976 licere
581 1912 673 1975 alicui
688 1912 919 1996 episcoporum,
934 1912 1149 1976 ordinationes
1164 1912 1331 1975 celebrare.
1378 1913 1459 1987 Quae
1476 1911 1523 1973 lex

471 2025 552 2088 bene
567 2023 659 2086 nimis
674 2045 789 2107 inagna
804 2030 862 2096 est,
873 2033 906 2085 et
916 2043 986 2084 eum
998 2021 1155 2106 sapientia
1164 2021 1344 2085 adinventa.
1369 2022 1523 2102 Quoniam

473 2135 609 2218 primum
636 2143 765 2217 oportet
786 2133 1058 2196 conversationem
1080 2142 1114 2196 et
1137 2133 1233 2197 vitam
1256 2155 1376 2209 eorum,
1400 2134 1454 2219 qui
1477 2153 1561 2209 cers

474 2245 635 2313 dinantur,
671 2267 741 2308 eum
776 2267 892 2329 magna
927 2245 1171 2329 scrupulositate
1205 2246 1362 2320 scrutari;
1402 2246 1521 2321 deinde,

474 2369 512 2422 ut
541 2357 644 2421 omnis
674 2357 813 2420 conlusio
843 2368 876 2420 et
907 2356 1104 2420 turbulentia
1133 2358 1317 2434 auler·atur;
1356 2359 1409 2421 vix
1443 2360 1522 2422 enirn

474 2469 689 2554 unusquisqne
720 2470 889 2555 panaciam
920 2491 1029 2554 regere
1059 2471 1177 2554 poterit
1211 2493 1313 2548 suam,
1342 2482 1376 2537 ct
1411 2492 1521 2559 magua

475 2579 685 2643 sollicitudine
717 2581 885 2663 multisque
912 2579 1158 2664 cogitationibus
1185 2582 1347 2647 ministros
1377 2582 1521 2669 reperire,

474 2714 546 2754 eum
574 2690 687 2775 quibus
717 2713 808 2753 ornne
835 2698 960 2775 tempus
985 2691 1057 2754 vitae
1081 2693 1249 2777 transegit,
1271 2702 1304 2757 et
1327 2694 1359 2756 in
1382 2693 1557 2757 manibusue

474 2802 544 2886 ejus
569 2809 643 2864 suut
672 2801 808 2865 edueati.
856 2802 903 2863 Tu
933 2809 1040 2864 autem
1072 2802 1148 2864 nihil
1174 2804 1286 2866 horum
1312 2804 1519 2875 considerans,

475 2934 534 2975 nec
556 2912 663 2975 futura
685 2911 912 2996 contemplans,
930 2935 986 2975 nec
1008 2914 1173 2978 beatorum
1194 2923 1322 2999 patrum
1345 2926 1520 2982 nostrorum

474 3031 508 3087 eb
530 3023 658 3087 Christo
682 3035 899 3108 stlsceptorum
926 3026 1007 3103 (vide
1034 3031 1148 3105 notam)
1173 3048 1229 3110 per
1251 3029 1466 3092 successiones
1485 3029 1520 3090 la.

475 3157 566 3219 gem;
594 3158 694 3217 neque
716 3135 821 3219 magni
845 3136 985 3221 episcopi
1008 3159 1046 3199 ao
1070 3137 1171 3220 patris
1193 3137 1291 3201 nostri
1317 3141 1408 3204 Petri
1431 3142 1520 3204 hono

469 3265 553 3318 reni,
578 3266 616 3305 ex
640 3266 702 3327 quo
722 3243 826 3307 euneti
851 3267 907 3327 per
930 3267 1029 3329 sperii,
1048 3268 1142 3330 quam
1166 3248 1317 3311 habemus
1340 3250 1372 3312 in
1391 3251 1553 3319 Dominae

476 3354 553 3417 Jesu
570 3354 706 3429 Christo,
731 3355 921 3438 pendemus3
953 3377 1009 3418 nee
1031 3358 1146 3419 nostris
1169 3357 1473 3425 incarcerationibus
1493 3374 1522 3425 et

475 3465 748 3548 temptationibus,
765 3477 798 3527 et
819 3465 1020 3528 cotidiuianis
1041 3489 1078 3529 ae
1100 3468 1315 3552 nudtiplioatis
1338 3474 1522 3556 opprobriis,

476 3597 533 3638 nec
570 3576 825 3659 oppressionibus
859 3586 892 3639 et
922 3577 1077 3661 angustiis
1106 3580 1190 3662 apud
1221 3602 1338 3655 omnes,
1370 3584 1527 3665 placatus,

477 3685 582 3748 omnia
608 3686 728 3769 pariter
758 3696 899 3749 avertero
925 3709 1020 3750 ausus
1044 3711 1086 3751 cs.
1145 3691 1208 3752 Pro
1233 3692 1347 3774 quibus
1374 3717 1446 3778 quae
1469 3696 1526 3762 tibi

476 3796 689 3859 excusationis
705 3798 827 3859 occasio
843 3798 1057 3881 relinquetur?
1542 3801 1587 3861 3‘

520 3908 582 3969 Sed
613 3908 746 3971 lorsitan
777 3908 881 3980 ‹liees;
922 3912 1087 3994 egentibus
1119 3914 1267 3996 gregibus
1297 3939 1335 3978 ae
1365 3919 1528 3990 desolatis.

479 4027 606 4103 pastore
629 4040 691 4080 non
713 4020 915 4091 subsistente,
936 4045 974 4084 oe
998 4024 1167 4086 mult-orum
1191 4026 1415 4095 incredulitate
1437 4032 1530 4098 multi

480 4126 721 4202 subtrahantur,
743 4130 783 4191 ad
805 4130 862 4192 lioe
884 4134 1018 4214 perveni.
1065 4134 1126 4196 Sed
1151 4137 1358 4203 certissimum
1383 4156 1444 4219 est,
1460 4146 1532 4207 illos

480 4262 540 4302 nou
564 4260 676 4324 egere:
709 4241 842 4323 primum
863 4243 938 4327 quia
958 4246 1048 4309 ritrrlti
1070 4259 1144 4310 sunt
1164 4250 1395 4318 circumeuntes
1417 4269 1450 4321 et
1473 4282 1531 4341 poe

481 4360 585 4415 tent-es
600 4348 728 4413 visitare
743 4379 749 4422 ;
777 4352 889 4415 deiude
904 4364 935 4417 et
953 4357 977 4418 si
994 4358 1067 4440 qriid
1086 4360 1125 4421 ab
1142 4359 1216 4443 ipsis
1233 4363 1442 4447 negligentius
1456 4375 1554 4451 agel
1569 4407 1587 4420 -
