4092 5150
483 415 549 480 alu
669 415 944 482 CONCILIUM
968 419 1298 487 ARELATENSE
1323 422 1353 486 1.

566 588 601 646 ln
619 587 717 646 indice
733 587 902 648 collationis
923 593 1063 672 Cartbog.
1076 593 1118 651 iii.
1133 613 1197 673 cap.
1211 595 1282 670 516.
1296 577 1420 674 legitur,

525 686 672 745 Recitatio
692 685 805 745 ludicii
827 688 1025 757 Constantini,
1040 711 1099 768 quo
1120 691 1200 770 apud
1220 712 1253 751 se
1273 712 1395 770 qnoque
1412 693 1534 753 cecilia·

483 805 553 842 num
569 784 659 842 fuisse
679 794 836 862 purgatum
855 797 923 864 post
936 786 1113 847 Arelateuse
1132 787 1300 847 Goudlium
1315 789 1463 867 significat
1481 791 1533 848 lm·

483 893 607 959 perator.

525 977 625 1036 Posita
637 977 718 1037 istac
732 978 763 1035 in
781 977 883 1057 opion·
897 981 1066 1059 Appendice
1079 1002 1145 1060 pag.
1160 983 1228 1057 187.
1244 981 1293 1042 ed.
1311 982 1428 1063 Dupin.

867 1201 1147 1249 -ψ-

521 1381 566 1439 Ad
580 1381 686 1442 calcem
713 1385 859 1442 Gestorum
883 1385 1050 1445 Collationir
1072 1386 1212 1466 carthag·
1235 1409 1316 1447 auno
1339 1392 1452 1452 Christi
1466 1413 1530 1468 411.

483 1479 596 1544 habitae,
611 1480 641 1536 in
657 1481 803 1539 Sententia
826 1481 993 1541 Marcellini
1013 1484 1181 1561 Cognitoris
1200 1485 1238 1544 de
1259 1486 1338 1569 Imp.
1355 1490 1532 1550 Constantini

483 1576 636 1635 Sententia
654 1575 709 1635 hoc
731 1577 872 1657 scriptum
894 1579 1243 1659 extat-——Ultimsque
1263 1583 1424 1646 Sententia
1438 1588 1530 1646 triun-

482 1673 606 1751 pbabilis
625 1675 771 1769 memoria
785 1677 982 1741 Constantini.
997 1697 1057 1756 qua
1076 1677 1243 1739 evidentius
1263 1681 1390 1742 docetur
1407 1704 1532 1764 expressa

482 1781 512 1827 et
526 1769 672 1828 Caeciliani
695 1770 861 1832 innocentia
882 1787 913 1833 et
927 1776 1035 1834 Donati
1059 1776 1262 1855 sociorumque
1276 1779 1345 1855 ejus
1363 1780 1530 1839 calumniosa

482 1866 654 1925 criminatio.
698 1874 788 1930 Posita
801 1873 938 1930 Sententia
949 1894 1011 1948 pag.
1025 1892 1087 1948 325.
1108 1877 1220 1933 somnd.
1241 1879 1409 1936 Momest.
1431 1882 1485 1936 Vct.
1501 1880 1530 1937 al

484 1964 576 2033 Optots'
588 1963 677 2019 linem.

887 2136 906 2140 ,,
921 2117 1148 2157 4..-

483 2285 620 2370 Epitoms
633 2307 735 2350 mem
749 2286 794 2351 od
805 2284 967 2351 Caeciliani
983 2306 1109 2349 samm
1124 2284 1361 2371 pacientem
1375 2310 1446 2373 qao
1458 2297 1528 2354 artat

523 2389 557 2452 ia
583 2391 616 2453 S.
632 2388 802 2475 libyestini
823 2389 1028 2453 sermonibus
1043 2410 1119 2451 xxv.
1143 2410 1180 2452 aa
1201 2387 1401 2455 illecebrosis
1423 2391 1525 2456 aaut

522 2491 612 2555 thece
641 2490 871 2556 Vindobonassis
891 2513 913 2556 a
928 2491 1082 2556 Melae
1103 2492 1202 2556 Desit
1225 2492 1262 2555 V.
1280 2494 1328 2558 02.
1346 2516 1429 2559 anno
1448 2514 1524 2579 1792.

531 2593 712 2660 Vindobona
726 2596 760 2660 in
767 2597 875 2680 forma
890 2616 971 2659 moa.
986 2594 1085 2658 edita.

524 2721 662 2785 Unomn
682 2745 737 2787 eos
759 2722 928 2787 manifesta
949 2720 1094 2785 veritate.
1141 2721 1207 2785 Vos
1229 2722 1436 2809 imperatoris
1453 2724 1520 2810 judi·

479 2826 560 2889 cium
575 2826 754 2912 flagitastis.
801 2822 993 2900 Mentimini,
1009 2822 1124 2907 inquit.
1165 2824 1291 2890 Extant
1307 2828 1441 2892 Chartae
1456 2828 1518 2913 pub-

478 2928 554 2993 licae.
603 2928 670 3014 ipsi
691 2928 872 2992 Donatistae
893 2927 933 2989 de
955 2936 1048 3011 parta
1072 2927 1235 3010 Majorini‚
1264 2931 1319 3013 qui
1343 2932 1431 3015 prior
1450 2929 1516 2995 ordi-

477 3040 573 3096 natus
594 3040 653 3107 cst,
673 3040 786 3097 contra
805 3028 1008 3095 caecilianum
1029 3028 1188 3106 adierunt,
1212 3033 1433 3114 proconsulem
1456 3045 1514 3097 tunc

478 3141 676 3217 Anullinum
700 3154 732 3205 et
754 3140 937 3206 detulerunt
958 3138 1080 3203 libellos
1102 3139 1320 3203 accusatorios
1345 3141 1385 3205 de
1409 3141 1511 3205 nominc

477 3245 648 3321 Caeciliaui,
664 3246 745 3310 etin
765 3244 855 3308 aluta
875 3242 1029 3327 signatos,
1046 3240 1199 3317 dicentes,
1214 3264 1248 3305 sc
1268 3244 1420 3308 adversus
1434 3242 1507 3309 Caci-

476 3347 594 3412 lianum
604 3349 735 3413 crimina
747 3347 880 3427 (uidear
889 3344 1040 3420 omissam,
1053 3344 1179 3419 habere,
1192 3346 1300 3409 Dasrs.
1315 3349 1363 3413 ccl
1373 3350 1504 3418 exhibere,

476 3451 524 3516 cel
538 3452 651 3536 potius,
668 3474 702 3516 se
719 3451 844 3515 adferre
858 3448 1024 3528 adversus)
1043 3470 1113 3532 quae
1129 3448 1182 3512 illo
1197 3449 1303 3514 libello
1319 3453 1501 3540 scripsissent

475 3563 509 3618 et
538 3564 697 3639 rogantes,
726 3567 763 3618 ut
790 3553 893 3637 ipsam
918 3550 1153 3614 accusationem
1183 3575 1293 3618 aarum
1321 3555 1456 3619 mitteret
1473 3550 1501 3614 ad

475 3656 663 3722 comitatum
692 3652 891 3740 Imperatori.
937 3652 1042 3717 Extat
1068 3653 1195 3718 Relatio
1221 3657 1367 3721 Anullini
1394 3674 1498 3744 pronon·

474 3758 550 3822 aulis
571 3757 738 3823 scribentis
759 3757 802 3822 ad
825 3756 1049 3840 imperatorem
1073 3757 1343 3835 Constantinum3
1366 3760 1444 3845 quod
1460 3758 1498 3818 ho·

475 3861 573 3925 minas
588 3862 628 3925 dc
651 3869 744 3945 parte
760 3859 913 3942 Majorini
929 3859 1072 3923 venerint
1092 3860 1132 3922 ad
1156 3860 1242 3923 illum
1262 3885 1334 3926 oum
1356 3862 1456 3927 libcllis
1470 3856 1497 3917 de

472 3963 675 4027 accusatione
689 3961 858 4037 Catilium,
875 3968 1034 4046 rogantes,
1050 3969 1087 4025 ut
1102 3962 1230 4025 eosdem
1245 3963 1368 4029 libellos
1383 3961 1495 4027 mitteret

475 4065 677 4150 Imperatori,
690 4072 724 4129 ct
735 4086 770 4128 se
783 4063 862 4128 dicit
875 4064 994 4137 facisse,
1006 4064 1090 4147 quod
1103 4063 1146 4126 illi
1157 4078 1359 4149 rogaverunt.
1390 4055 1495 4143 Sonuit

474 4165 653 4252 Imperator
664 4168 705 4231 ad
720 4165 906 4230 Meltiadem
918 4166 1100 4250 episcopum
1114 4175 1147 4230 et
1161 4167 1321 4243 Marcum,
1333 4168 1494 4232 transferent

471 4270 512 4332 ad
528 4269 597 4333 illos
612 4290 740 4333 causam
755 4268 1011 4344 ecclesiasticam,
1024 4278 1059 4332 et
1070 4290 1267 4336 remorensa
1277 4292 1320 4335 se.
1356 4272 1394 4334 In
1404 4265 1492 4333 eisdem

470 4370 571 4442 literis
600 4372 711 4437 scribit
741 4372 942 4456 Imperator;
980 4370 1103 4435 misisse
1129 4393 1163 4435 se
1191 4371 1321 4436 chartas
1344 4372 1443 4436 missas
1462 4358 1490 4423 ab
