4092 5150
823 438 855 500 S.
880 437 1069 501 PETRUS
1093 436 1237 501 ALEX.
1275 438 1280 454 ¹
1514 443 1554 505 51

550 611 593 668 De
603 609 636 668 S.
648 609 741 667 Petro
756 609 810 667 hoc
821 608 908 667 habet
920 608 1101 669 Soaomenus
1111 607 1162 669 lib.
1172 609 1193 666 i.
1210 609 1290 668 His.
1304 610 1383 669 Ecol.
1395 611 1555 690 euplo.-

512 713 628 794 Πέτρου
648 715 717 779 τοὺς
732 713 883 776 Μελιτίαν
897 715 1089 780 σπουδαστὰς
1102 714 1329 795 ἆποκηρύξανος,
1347 713 1396 778 καὶ
1412 714 1446 778 τὸ
1461 715 1557 780 αὐτῶν

509 822 668 905 βάπτισμα
681 825 722 904 μὴ
736 823 943 905 προσιεμένου.

552 935 630 993 Cum
656 935 764 994 Petrus
784 935 914 993 fautores
936 931 1053 991 Meletii
1075 931 1361 998 exeommunioasset
1385 952 1438 992 nse
1457 952 1557 992 eorum

484 1033 656 1108 §baptisma
669 1031 845 1090 admitteret.

887 1218 1180 1263 .-⁴--

560 1399 705 1485 Epistola
719 1399 765 1464 aa
776 1398 1013 1464 Alsaosdsiaos.
1057 1398 1110 1462 Eo
1131 1397 1230 1462 Vasa
1244 1399 1363 1484 Istssp.
1380 1399 1507 1464 latias.

606 1556 765 1612 lNI'l'lUM
785 1556 981 1612 nnlsuonAE
1000 1555 1148 1611 DOMINI
1167 1556 1278 1612 PETRI
1297 1557 1470 1613 EPISCOPI

901 1641 1174 1698 ALEXANDRIAE.

558 1753 677 1816 Petrus
699 1753 731 1815 in
753 1753 815 1816 fida
842 1752 904 1816 Dei
930 1753 1091 1830 stabilitis,
1114 1752 1237 1817 dilsatis
1262 1753 1415 1818 iratribus
1440 1754 1473 1817 in
1496 1753 1561 1818 Do-

466 1888 502 1925 10
512 1863 612 1937 mino,
639 1859 791 1924 Salutem.
845 1861 1003 1939 Quoniam
1033 1861 1164 1946 cognovi
1199 1861 1366 1926 Molstium
1395 1862 1472 1925 nihil
1503 1885 1561 1948 por

511 1972 689 2037 utilitatem
712 1971 843 2057 (appla
867 1989 962 2058 agore
985 1972 1122 2055 Mustio),
1144 1973 1199 2037 'oui
1224 1994 1282 2038 nso
1306 1973 1561 2038 beatissimorum

513 2083 736 2169 episcoporum
761 2089 795 2147 et
819 2091 997 2167 martyrum
1019 2081 1155 2168 epistola
1176 2082 1315 2167 placuit3
1352 2084 1408 2148 ssd
1434 2085 1562 2170 insuper

513 2192 692 2275 ingressum
721 2198 864 2256 nostram
892 2190 1072 2276 paroeciam
1098 2197 1226 2257 tantum
1252 2192 1311 2257 sibi
1338 2193 1561 2278 adsumpsisse,

515 2310 554 2366 ut
575 2302 673 2365 etiam
695 2324 735 2365 ox
756 2323 828 2366 maa
849 2300 1043 2388 auctoritato
1065 2302 1276 2387 presbyteros,
1302 2308 1335 2366 ot
1358 2302 1471 2387 quibus
1493 2323 1563 2386 por·

465 2429 503 2491 1⁵
515 2411 647 2474 missum
669 2417 740 2475 arat
761 2417 891 2496 agantas
904 2409 1044 2486 visitam
1061 2417 1232 2475 sonaretur
1252 2419 1461 2497 separasset
1482 2413 1562 2477 indi-

515 2522 602 2586 cium
616 2521 690 2602 (ior.
699 2520 830 2608 indioio)
840 2542 906 2585 suoe
920 2519 1105 2606 cupiditatis
1120 2520 1152 2585 in
1167 2520 1348 2608 prinoipntu
1360 2522 1434 2605 (for.
1449 2521 1563 2608 prinoi-

516 2638 645 2718 patnm)
672 2632 826 2718 quosdam
854 2631 915 2696 sibi
943 2632 1105 2696 ordinasse
1131 2632 1164 2695 in
1189 2654 1334 2706 oaroors;
1366 2633 1461 2697 modo
1486 2633 1562 2698 illud

517 2744 696 2819 observato,
723 2762 764 2805 ns
786 2741 815 2806 ai
839 2741 1086 2815 eommuniostis,
1111 2742 1211 2806 donea
1236 2764 1399 2807 ooourram
1424 2742 1468 2806 iili
1491 2764 1563 2807 oum

517 2853 715 2938 sapientibus
728 2851 812 2929 viris,
828 2860 862 2916 at
881 2850 1005 2915 videam
1020 2872 1091 2935 qnae
1111 2860 1196 2928 sunt,
1212 2873 1282 2936 qnae
1301 2852 1461 2937 cogitavit.
1498 2852 1564 2917 Va-

464 2988 507 3028 20
516 2964 592 3028 leta.
628 2962 716 3039 Hoeo,
731 2983 795 3026 maa
808 2983 878 3026 oum
894 2961 1041 3046 Epistola
1054 2960 1109 3024 illa
1124 2960 1353 3047 Episcopomm
1368 2961 1507 3046 AEgypti
1522 2962 1563 3026 ad

519 3072 696 3149 Maletum,
721 3092 792 3156 quae
816 3091 838 3133 a
860 3069 892 3133 S.
907 3071 1028 3132 Pssnns
1054 3069 1191 3133 fortasse
1216 3069 1335 3155 scripta
1361 3079 1421 3145 ast,
1442 3071 1565 3155 patmus

515 3183 615 3248 ffidit
636 3183 689 3247 vir
711 3181 748 3245 cl.
765 3180 870 3265 Scipio
892 3180 1005 3263 Maffat'
1027 3181 1062 3245 ia
1086 3182 1192 3265 Opera,
1208 3180 1259 3245 oui
1278 3181 1324 3245 at.
1348 3181 1564 3246 Ossenvazioni

518 3293 708 3370 Lattararia,
724 3300 802 3356 tom.
812 3292 854 3355 iii.
871 3315 901 3377 p.
917 3308 964 3374 17.
1010 3292 1122 3357 Posita
1133 3300 1183 3357 ost
1199 3299 1232 3357 st
1246 3292 1330 3356 inira
1343 3293 1376 3356 in
1392 3293 1426 3357 S.
1437 3293 1566 3356 Pninna

515 3388 671 3492 Reliquis
687 3404 757 3470 nse
774 3404 863 3468 nesi
878 3402 1038 3488 apaan.
