4092 5150
480 411 502 471 8
776 409 1025 486 RELIQUIAE
1052 409 1230 472 SACRAE.

479 577 609 642 diceret.
656 575 828 661 Indignum
842 584 893 641 est
906 576 989 641 enim
1005 577 1046 641 de
1060 576 1117 641 tuli
1132 577 1263 642 foeminn
1277 579 1451 644 abundum
1464 581 1522 647 nli·

480 685 557 769 quid
571 684 735 768 suspicari.
764 683 848 764 Quid
863 706 940 768 ergo
953 684 1093 748 efficiunt
1107 686 1204 749 verba
1217 685 1295 764 heo,
1310 687 1394 752 ⁰Dic
1404 687 1527 752 mnu

478 794 607 879 aliquod
618 803 724 858 contra
739 795 849 872 Dan,
862 804 892 859 ct
910 797 1048 859 morere?
1071 796 1139 860 Hoc
1155 795 1328 878 afflabunt,
1344 800 1403 882 (sc.
1422 800 1526 864 suncti

479 904 549 979 viri,
564 926 662 988 suprn
679 905 932 988 commemorati)
948 904 1121 978 mulierem,
1137 907 1212 989 quin
1230 907 1332 970 virum
1353 907 1523 991 reprehen-

478 1013 567 1076 sione
581 1033 690 1076 curere
708 1012 847 1086 vidisset,
863 1021 898 1077 et
916 1021 1025 1078 temen
1039 1035 1189 1078 concessu
1204 1015 1264 1079 Dei
1284 1015 1317 1078 in
1334 1023 1386 1080 tot
1400 1023 1551 1094 tuntas-5

478 1143 541 1205 que
555 1120 755 1185 calamitates
769 1120 942 1197 incidisset,
959 1132 1183 1207 vereretnrque
1197 1145 1237 1188 ne
1252 1124 1322 1209 quis
1341 1147 1380 1189 ex
1399 1125 1438 1189 iis
1453 1148 1525 1210 qum

478 1229 679 1306 videbuntur,
698 1230 846 1314 judicans
870 1253 909 1295 ee
929 1252 1001 1315 quae
1023 1232 1052 1295 ei
1075 1234 1246 1310 evenirent,
1270 1234 1432 1299 contrariu
1456 1235 1527 1319 ejus

478 1347 565 1404 recte
579 1339 673 1404 fectis
687 1340 896 1417 existimaret,
911 1341 944 1405 id
959 1343 1157 1426 quodetiam
1172 1351 1239 1408 tres
1251 1344 1343 1408 amici
1358 1344 1524 1409 fecissent:

478 1450 532 1534 qui
547 1471 618 1514 cum
638 1449 716 1514 nihil
736 1450 856 1515 sinistri
874 1452 917 1515 ub
931 1474 970 1516 eo
984 1461 1110 1536 gestum
1129 1474 1198 1517 esso
1217 1453 1346 1528 scirent,
1361 1460 1470 1517 tumen
1483 1475 1525 1517 ex

477 1557 516 1622 iis
530 1579 602 1641 qnae
616 1565 792 1635 cernerent,
807 1580 846 1623 ee
860 1579 932 1643 qnae
945 1559 989 1622 illi
1003 1558 1204 1638 accidissent,
1215 1560 1423 1645 judicassent,
1437 1562 1524 1646 quod
1539 1577 1566 1615 κ

478 1659 663 1742 ignorarent
693 1659 764 1735 Dei,
792 1659 846 1743 qni
876 1681 949 1724 eum
973 1660 1136 1738 edidisset,
1162 1662 1344 1736 consilium
1381 1684 1421 1726 ne
1447 1663 1524 1748 quid

478 1768 658 1851 hujusmodi
688 1770 847 1834 accideret
876 1770 906 1833 ei
930 1771 1000 1835 lraeo
1025 1769 1161 1834 dixisse:
1206 1771 1276 1844 Vir,
1302 1772 1367 1835 ecio
1396 1780 1430 1837 te
1459 1773 1523 1836 Dei

477 1877 630 1942 auxilium
644 1886 830 1962 expectere:
854 1880 909 1943 sed
925 1879 1061 1943 fortusse
1081 1878 1204 1944 intereo
1223 1879 1358 1943 salutern
1376 1877 1521 1953 distulit;

476 2009 606 2052 causum
621 2010 684 2051 non
698 2009 827 2072 possum
841 1988 956 2053 dicere.
1003 1988 1159 2053 Permulti
1172 1995 1281 2053 cutem
1300 1987 1452 2066 homines,
1468 1989 1524 2073 qni

477 2097 552 2180 (lor.
568 2095 622 2180 qni
636 2095 793 2161 dchridsm
806 2102 861 2180 cst)
877 2104 911 2161 te
932 2095 1000 2160 sine
1021 2097 1133 2182 stirpe,
1146 2096 1214 2161 sine
1231 2097 1335 2172 domo,
1352 2097 1420 2161 sine
1434 2105 1523 2162 veste
1537 2119 1545 2160 ι
1553 2120 1566 2177 5

476 2228 556 2284 esee,
581 2206 789 2289 omnibusque
818 2206 909 2271 bonis
932 2205 1133 2282 destitutum,
1157 2214 1191 2272 et
1215 2205 1331 2270 liberos
1356 2205 1426 2271 illos
1454 2206 1524 2290 pul-

475 2314 570 2378 chros
591 2337 630 2380 nc
659 2316 768 2392 bonos,
795 2337 874 2399 quos
902 2337 1018 2402 magno
1047 2316 1156 2381 labore
1186 2314 1431 2402 procreavimus,
1457 2337 1523 2380 non

475 2424 614 2489 libidinis
634 2447 741 2504 cause,
755 2426 812 2490 sed
831 2427 1030 2513 propagandi
1047 2427 1172 2512 generis
1191 2426 1303 2502 nostri,
1322 2432 1454 2510 repente
1467 2426 1522 2491 dc·

475 2535 567 2610 letos,
589 2535 716 2600 vident:
743 2543 781 2600 tu
796 2556 870 2600 vero
892 2534 959 2620 ipse
981 2535 1134 2599 timorum
1146 2533 1296 2621 palatim
1309 2535 1419 2618 factm
1432 2555 1473 2611 cs,
1488 2542 1523 2600 et

476 2667 534 2729 pro
556 2644 698 2730 pristinis
719 2645 831 2730 opibus
852 2667 890 2709 uc
912 2644 1004 2709 bonis
1026 2652 1060 2709 et
1081 2646 1270 2723 valetudine,
1294 2646 1326 2708 in
1347 2654 1405 2710 tna
1425 2667 1522 2710 cerne
1532 2672 1566 2710 20

475 2754 627 2817 vermium
647 2754 819 2819 multitudo
839 2761 955 2830 scatet,
971 2760 1005 2819 et
1028 2776 1086 2840 pro
1099 2754 1204 2841 regiis,
1220 2776 1260 2817 ne
1279 2755 1337 2818 sub
1352 2761 1439 2819 teoto
1454 2754 1522 2838 qni-

475 2865 558 2940 dem,
574 2864 629 2927 sed
644 2862 697 2928 nti
711 2861 915 2928 dictabitur:
941 2884 1000 2949 ego
1015 2884 1089 2927 vero
1103 2885 1185 2927 uxor
1205 2870 1271 2939 tue,
1287 2883 1346 2947 pro
1368 2862 1521 2947 praeoluro

474 2972 650 3057 illustrique
679 2972 745 3037 lure
774 2994 896 3060 pnuper
924 2972 1039 3037 effecta
1067 2994 1146 3049 sum,
1169 2971 1369 3057 dpraeteriem
1395 2969 1461 3036 loco
1484 2994 1522 3036 cu

473 3083 543 3159 loco,
559 3093 586 3147 ct
600 3083 700 3146 domoc
714 3093 844 3159 mmm,
856 3104 962 3148 rerum
977 3085 1020 3147 ad
1030 3082 1129 3148 vitam
1145 3083 1392 3147 necessariarum
1402 3083 1519 3168 gretie,

474 3194 515 3255 ob
531 3213 664 3276 eumque
678 3214 806 3256 causum
822 3193 943 3278 pudore
956 3193 1082 3269 effecta,
1097 3190 1189 3255 colem
1203 3191 1280 3253 mili
1294 3201 1360 3276 opto
1375 3190 1519 3267 occidere,
1531 3213 1563 3270 25

473 3302 810 3366 utoocacboentumo
835 3302 1123 3368 culamitctcsmcar
1147 3300 1312 3365 orcum
1337 3311 1424 3385 tepet.
1470 3300 1520 3365 Ut

473 3412 571 3497 igitur
585 3433 645 3497 ego
659 3412 729 3496 ipse
743 3419 869 3478 tentum
885 3413 1001 3488 rideor,
1017 3433 1081 3476 non
1092 3411 1196 3476 ferens
1207 3410 1304 3472 risum
1320 3410 1518 3494 procacium:

473 3522 518 3585 sic
545 3531 581 3586 tu
607 3522 660 3607 qui
683 3523 832 3587 miserum
857 3522 1073 3608 spectantibus
1098 3520 1312 3607 spectaculum
1337 3521 1520 3605 propositus

473 3655 516 3707 es,
540 3634 604 3697 noli
619 3656 716 3698 cause
730 3635 837 3699 <lemni
853 3656 921 3698 esse
936 3633 1077 3708 infirmis,
1093 3633 1183 3717 quasi
1199 3654 1261 3695 non
1276 3632 1319 3695 sis
1334 3653 1418 3696 curae
1436 3634 1517 3708 Deo,

473 3766 530 3808 nee
553 3745 620 3828 ipse
642 3744 735 3808 simili
758 3744 817 3808 tibi
839 3744 1027 3828 conjunctus
1047 3744 1111 3820 sit;
1134 3743 1266 3808 collecta
1289 3749 1564 3829 contractsqne3o

473 3861 581 3917 mente
604 3860 660 3919 tua
683 3861 715 3918 te
738 3853 971 3923 intumulatum
987 3851 1059 3928 Dei,
1076 3852 1130 3937 qni
1145 3859 1178 3915 te
1197 3852 1229 3915 in
1248 3851 1349 3915 lucem
1372 3852 1518 3935 protulit,

473 3966 577 4039 trade,
593 3972 630 4028 ut
651 3964 710 4028 tibi
733 3965 865 4029 celerem
887 3971 1023 4029 mortem
1046 3963 1171 4036 interut,
1188 3984 1250 4046 quo
1270 3962 1392 4026 lucilius
1414 3972 1518 4029 morte

473 4071 543 4156 ipsa
572 4081 606 4135 et
635 4071 844 4156 suspicionem
874 4094 970 4157 quem
994 4074 1035 4135 de
1059 4072 1128 4136 Deo
1157 4072 1256 4136 habes
1282 4071 1354 4153 (lor.
1379 4071 1516 4154 habent)
1559 4079 1560 4082 ’

472 4182 576 4258 tollas,
593 4182 631 4246 et'
641 4182 699 4245 tibi
716 4183 849 4257 dolores,
865 4181 990 4247 etmihi
1009 4181 1208 4247 calamitates
1228 4182 1342 4245 reddas
1357 4180 1518 4267 saciusque

635 4355 647 4383 c
659 4344 714 4392 Job.
728 4343 752 4389 ii.
765 4356 790 4403 9.
1013 4345 1095 4393 drot
1105 4344 1129 4391 ii.
1142 4360 1166 4408 9,
1178 4346 1274 4394 secund.
1286 4357 1352 4391 nxx.
