4092 5150
772 806 775 809 ’
847 828 1116 900 canonas

561 1018 799 1103 SYNODI
829 1018 1407 1117 NEOCAESARIENSIS,

614 1220 722 1294 Qun
748 1219 1092 1282 Nuocnsanua
1119 1219 1170 1281 ΙΝ
1195 1219 1353 1283 rouro

510 1398 604 1455 POST
623 1401 772 1457 SAECULI
793 1401 938 1461 QUARTI
958 1401 1117 1456 INITIUM
1138 1399 1360 1454 CELEBRATA
1380 1401 1458 1456 EST.

852 1626 1116 1660 *—

414 1841 446 1897 5
466 1822 618 1905 Κάνονες
651 1829 722 1901 τῶν
754 1825 792 1900 ε’ν
821 1823 1082 1927 Νεοκαισαρείᾳ
1114 1822 1365 1901 συνελθόντων
1397 1822 1510 1921 ἁγίων

514 1960 689 2061 πατέρων,
707 1960 831 2042 οἵτινες
850 1960 1003 2060 δεύτεροι
1021 1959 1087 2058 μίν
1104 1965 1174 2038 είσι
1193 1966 1264 2038 τῶν
1283 1962 1320 2038 ἐν
1336 1957 1510 2063 Ἀγκύρᾳ,

516 2101 587 2172 τῶν
606 2094 644 2173 δὲ
662 2096 700 2172 ἐν
719 2096 852 2200 Nisaia
869 2095 1152 2197 προγενέστεροι·
1180 2092 1238 2173 διὰ
1251 2092 1289 2173 δὲ
1301 2090 1508 2192 σεβασμιό·

515 2264 606 2329 τητα
624 2231 858 2333 προτέτακται
878 2232 995 2309 αὐτῶν
1013 2231 1035 2328 ἡ
1055 2234 1092 2309 ἐν
1113 2231 1255 2337 Νικαία.

859 2451 1043 2525 ΚΑΝΩΝ
1073 2453 1120 2525 Α.

393 2564 857 2674 ιΟΠΡΕΣΒΥΊῈΡΟΣ
876 2593 937 2672 ω
955 2592 1065 2698 γήμῃ,
1083 2596 1147 2691 τῆς
1164 2590 1300 2698 τάξεως
1319 2587 1426 2669 αὑτὸν
1444 2625 1508 2689 με.

465 2732 679 2809 τατίθεσθαι·
706 2727 767 2807 ἐὰν
786 2728 823 2808 δὲ
842 2727 1025 2832 πορνεύσῃ
1048 2725 1071 2826 ἢ
1098 2726 1283 2832 μοιχεύσῃ,
1301 2727 1513 2834 ἐξωθεῖσθαι

467 2865 571 2944 αὐτὸν
589 2865 722 2962 τέλεον,
741 2867 800 2943 καὶ
818 2865 972 2965 α’ίγεσθαι
991 2861 1100 2941 αὐτὸν
1118 2867 1166 2945 εἷς
1184 2860 1381 2960 μετάνοιαν.

856 3065 1040 3139 ΚΑΝΩΝ
1071 3065 1115 3138 Β.

520 3197 627 3296 Γυνὴ,
642 3196 703 3277 ε’ἃν
720 3198 877 3300 γήμηται
895 3197 958 3278 δύο
980 3201 1161 3302 ἀδελφοῖς,
1181 3197 1385 3303 ἐξωθείσθω
1409 3193 1514 3298 μέχρι

414 3332 630 3423 Ι5θανιίτου.
657 3332 757 3432 πλὴν
775 3337 812 3412 ἐν
830 3339 881 3439 τῷ
899 3330 1042 3439 θανάτῳ
1062 3330 1119 3411 διὰ
1138 3332 1203 3431 τὴν
1229 3331 1513 3435 φιλανθρωπίαν,

691 3549 827 3629 Dionysii
843 3550 954 3630 Exigni
968 3550 1174 3628 Interpretatio
1193 3551 1285 3607 Vetus.

473 3652 617 3725 [canones
637 3654 809 3714 Sanctorum
830 3656 962 3723 Patrum,
1014 3656 1063 3724 rit,
1086 3657 1122 3713 ab
1146 3655 1248 3712 ordine
1271 3654 1442 3732 deponatur.
1480 3651 1514 3710 si

507 3735 557 3810 qui
593 3736 787 3794 Neocaesareae
821 3757 962 3795 convene·
1015 3756 1084 3794 vero
1092 3736 1252 3793 fornicatus
1262 3735 1363 3802 fuerit,
1374 3733 1420 3791 vel
1429 3733 1512 3791 adul-

508 3826 587 3880 runt,
599 3816 650 3892 qui
660 3816 777 3893 quidem
790 3818 964 3895 posteriores
1015 3817 1121 3874 terium
1147 3814 1365 3894 perpetraverit,
1390 3813 1514 3892 amplius

415 3902 462 3950 20
508 3906 577 3952 sunt
599 3895 772 3974 Ancyranis,
787 3898 965 3976 antiquiores
1016 3896 1085 3975 pelli
1101 3897 1196 3963 debet,
1211 3908 1241 3954 et
1256 3896 1291 3954 ad
1312 3894 1514 3974 poenitentiam

508 3995 576 4033 vero
588 3975 727 4035 Nicaenis.
756 3978 912 4057 Praeposita
920 3989 965 4036 est
1016 3977 1118 4056 redigi.

508 4068 603 4114 autem
626 4055 777 4135 dignitatis
800 4057 887 4117 causa
909 4059 963 4117 eis-

508 4135 573 4194 dem
590 4136 883 4215 SynodnsNicaena.]
1157 4107 1308 4166 CANON
1332 4107 1374 4163 ῙῙ·

1059 4205 1171 4264 Mulier
1192 4206 1215 4264 si
1240 4205 1353 4264 duobus
1377 4203 1515 4261 fratribus

618 4267 770 4327 CANON
792 4271 815 4328 Ῑ·
1018 4287 1159 4365 nupserit,
1188 4286 1339 4362 abjiciatur
1363 4303 1454 4361 usque
1478 4280 1514 4340 ad

420 4396 462 4456 ²5
511 4364 668 4446 Presbyter
678 4367 702 4424 si
714 4386 834 4427 uxorem
849 4388 966 4447 aecepe·
1017 4379 1150 4426 mortem.
1165 4367 1374 4425 Verumtamen
1384 4366 1413 4420 in
1423 4363 1515 4430 exitu,
