4092 5150
468 439 533 503 410

765 422 1021 504 RELIQUIAE
1048 417 1235 486 SACRAE.

470 612 674 711 περιττεῦον
698 599 915 699 ε’κτιθεμένη.
943 598 1004 676 καὶ
1027 593 1075 674 τὰ
1101 590 1207 673 ἄλλο
1232 593 1278 672 δι’
1299 591 1402 670 ὅσων
1419 591 1525 695 ἐμφο-

472 751 541 828 „s
559 744 582 842 ἡ
600 741 774 840 aava
798 739 862 834 na
888 732 1115 836 ινιωειου
1140 726 1398 834 annam
1420 729 1530 824 ιω»

473 885 548 980 νῆς.
578 874 630 956 ὧν
654 875 786 973 ὁμοίως
812 876 888 954 τοῖς
916 865 1081 975 ἄφροσιν
1110 865 1258 971 ἔχοντες
1277 869 1311 943 οἱ
1340 864 1455 968 σοφοὶ
1475 857 1530 958 τὴν

473 1017 618 1118 χρῆσιν,
636 1010 702 1089 οὐκ
728 1008 880 1112 ἴσχουσι
906 1001 974 1103 τὴν
999 1008 1155 1104 γνῶσιν.
1188 1034 1225 1079 οι
1212 1000 1318 1100 μὲν
1339 999 1461 1104 γὰρ’
1433 1032 1480 1082 εις
1494 997 1531 1097 ἣν

474 1145 519 1228 ἂν
536 1151 710 1245 οιηθῶσιν
727 1139 905 1242 α’θεόηγτα
924 1141 998 1240 (for.
1018 1136 1175 1238 θεόνητσ
1199 1150 1368 1240 Vigmsq
1387 1135 1453 1236 τὴν
1469 1139 1549 1216 ἐπι-5

475 1275 794 1379 στημονικωτότην
824 1278 908 1378 περὶ
934 1273 1094 1372 πόντων,
1128 1276 1190 1354 καὶ
1220 1272 1291 1374 τὴν
1321 1279 1372 1356 εἰς
1403 1268 1532 1354 {mauris

476 1409 795 1516 εὐεργετικωτάτῃ
823 1412 1129 1515 ἀνοφερουσιν’
1085 1409 1319 1507 οικονομίαν,
1348 1407 1531 1510 κρείττονος

478 1551 538 1629 καὶ
566 1547 664 1630 θείως
691 1546 804 1630 ὅντως
833 1543 1048 1653 φρονήσεώς
1076 1578 1116 1624 τε
1141 1548 1203 1625 καὶ
1229 1543 1419 1642 δυνάμεως
1441 1542 1531 1644 ἔργον

478 1679 589 1780 ω’πὴν
616 1677 705 1761 εἶναι
733 1679 981 1780 πιστούμενοι·
1013 1684 1048 1759 οἱ
1076 1677 1125 1776 δὲ,
1154 1680 1340 1786 συντυχίᾳ
1362 1681 1422 1759 καὶ
1445 1709 1528 1774 ‹rvu-

478 1815 618 1899 πτώσει
646 1822 721 1895 τῶν
752 1814 907 1913 ἀτόμων,
939 1812 1115 1898 ἀσκόπως
1145 1811 1214 1914 τὴν
1241 1809 1530 1913 θαυμασιωτάτην
1538 1830 1563 1871 ¹⁰

482 1951 719 2053 καλλιεργίαν
732 1950 956 2030 ἀνατιθέασι.
972 1947 1069 2050 *τὴν
1082 1949 1120 2030 δὲ
1131 1949 1392 2053 ἐνεργεστέραν
1400 1948 1450 2028 ἔτι
1458 1943 1526 2026 τοί·

482 2118 555 2166 πων
570 2085 777 2190 ἐπίσκεψιν,
792 2087 851 2164 καὶ
869 2082 1022 2183 τὴντῶν
1039 2086 1239 2164 ἐνδοσθίων
1254 2083 1420 2164 διάθεσιν
1435 2082 1528 2182 ἰατροὶ

482 2218 548 2322 μὲν
566 2221 725 2321 σ’κριβῶς
744 2216 1055 2320 διερευνησάμενοι
1074 2252 1133 2296 και
1119 2218 1457 2318 κατοπλσγὰσες,
1468 2214 1527 2320 &gs

484 2352 635 2435 θείοσαν
660 2350 727 2451 τὴν
752 2351 879 2459 φύσιν·
910 2352 1010 2450 ἡμεῖς
1036 2350 1074 2432 δὲ

1105 2352 1311 2452 ὕστερον
1287 2387 1337 2436 ως
1358 2351 1405 2430 ἂν
1425 2350 1487 2430 οωί
1497 2380 1527 2426 τε

485 2486 685 2593 γενώμεθα,
716 2486 785 2595 κᾷν
814 2490 1001 2588 ἐπιπολῆς,
1032 2486 1347 2591 ἀνσθεωρήσομεν.
1390 2483 1555 2567 κσθόλονῑέ

488 2622 526 2704 δὲ
544 2625 602 2702 καὶ
621 2623 853 2724 συλλήβδην,
867 2624 956 2703 ὅλον
972 2632 1081 2704 τοῦτο
1099 2623 1142 2704 τὸ
1157 2629 1296 2723 σκῆνος
1314 2626 1367 2708 τίς
1390 2629 1526 2702 τοιοῦτον

489 2760 783 2858 ε’σκηνοποίησεν,
801 2757 960 2864 ὑψηλὸν,
974 2759 1107 2860 όρθιον,
1123 2761 1312 2861 εὔρυθμον,
1327 2760 1525 2855 εὐαίσθητον,

490 2894 681 2991 εὐκίνητον,
701 2893 856 2996 εὐεργὸν,
874 2894 1128 2996 παντουργόν;
1158 2896 1181 2994 ἡ
1200 2902 1274 2973 τῶν
1294 2892 1438 2994 ἀτόμων
1453 2889 1523 2970 ὅλο-

492 3078 670 3142 continetur.
715 3080 831 3137 Horum
862 3100 933 3137 usus
964 3079 996 3136 in

494 3158 594 3221 stultis
608 3179 690 3236 reque
705 3159 979 3238 sapientibusque
955 3180 995 3217 sr-

494 3238 573 3301 milis
601 3251 655 3309 est,
681 3240 811 3317 cognitio
837 3240 995 3298 dissimilis.

495 3318 558 3382 Alii
573 3320 683 3398 quippe
697 3340 782 3397 quam
801 3319 898 3377 auimo
911 3320 998 3376 Divi·

496 3401 618 3463 nitatem
646 3401 840 3469 informarunt,
862 3400 899 3458 ad
923 3421 997 3465 eam,

497 3493 532 3543 ut
544 3499 608 3555 qum
619 3500 715 3538 rerum
727 3481 857 3537 omnium
869 3481 1000 3539 scientis·

498 3566 571 3625 sima
585 3560 633 3624 sit,
648 3575 736 3638 atque
755 3562 785 3617 in
805 3581 835 3619 se
856 3563 933 3639 ipsos
949 3561 1000 3618 be-

500 3640 734 3708 neficentissima,
755 3652 847 3699 totam
869 3641 1001 3699 referunt

500 3722 590 3797 hujus
637 3722 802 3779 ceconomiae
851 3721 1002 3786 rationem,

503 3800 583 3885 quod
597 3821 660 3859 eam
680 3802 837 3879 superioris
854 3800 1004 3877 cujusdam

503 3901 679 3982 prorsusque
692 3882 796 3940 diviuae
811 3902 877 3940 cum
891 3881 1004 3974 sapien·

505 3969 555 4028 tiae
568 3974 631 4019 tum
647 3962 798 4039 potestatis
812 3982 887 4040 opus
902 3961 1004 4018 existi-

505 4054 605 4108 ment:
635 4041 684 4099 alii
705 4053 806 4100 contra
826 4041 935 4100 insulse
956 4041 1007 4099 ad.

507 4122 637 4189 modum,
657 4122 783 4179 sortunoe
804 4133 834 4181 et
857 4121 935 4180 casui
957 4121 1008 4179 ad-

508 4202 752 4269 ministrationem
770 4222 883 4260 summa
899 4201 1008 4278 diguis-

510 4288 613 4350 simam
628 4281 818 4341 admiratione
837 4281 1007 4340 defenduut.

1048 3082 1092 3139 At
1107 3101 1176 3139 vero
1190 3082 1382 3141 efficaciorem
1398 3080 1483 3139 adhuc
1493 3094 1526 3133 re·

1047 3182 1112 3220 rum
1135 3162 1258 3220 istarum
1280 3162 1557 3221 considerationum

1048 3253 1079 3301 et
1108 3243 1236 3320 partium
1267 3243 1438 3301 interiorem
1461 3236 1529 3297 ratio

1049 3343 1126 3386 uem,
1135 3322 1242 3380 medici
1252 3322 1373 3399 quidem
1389 3322 1471 3380 altius
1479 3315 1530 3376 drlr

1049 3403 1224 3494 gentiusque
1235 3403 1344 3471 rimati,
1356 3423 1390 3461 ac
1401 3403 1532 3460 vehemen-

1050 3483 1111 3540 tius
1130 3482 1274 3549 admirati,
1292 3483 1480 3541 Divinitatem
1495 3496 1533 3535 ut·

1051 3573 1125 3620 turae
1137 3563 1320 3621 tribuerunt·
1338 3585 1392 3622 nos
1402 3584 1462 3621 eam
1472 3563 1563 3638 postu

1052 3662 1096 3708 ea,
1112 3643 1214 3718 jejune
1228 3644 1363 3702 fortassis
1381 3655 1413 3702 et
1430 3640 1536 3701 exiliter,

1054 3733 1084 3781 at
1102 3743 1156 3801 pro
1175 3723 1318 3783 facultate
1340 3736 1440 3782 nostra
1459 3738 1536 3801 perse·

1055 3823 1191 3896 quemur.·
1215 3800 1539 3890 Nuncutunirersehqc

1056 3882 1282 3960 summatimque
1301 3884 1443 3950 dicamus,
1460 3877 1539 3958 eequis

1056 3964 1185 4029 obsecro,
1211 3975 1310 4021 totum
1340 3965 1396 4023 hoo
1427 3965 1568 4025 tabemt’

1058 4042 1157 4101 culum
1176 4044 1337 4102 fabricatus
1356 4057 1412 4112 est,
1427 4042 1539 4104 sublime.

1058 4122 1161 4188 altum,
1194 4137 1336 4193 erectum,
1369 4127 1489 4202 elegans,
1512 4114 1539 4175 νᾶ

1059 4221 1186 4269 sensum,
1211 4216 1336 4272 motum,
1358 4206 1539 4270 actionem&

1059 4303 1145 4341 omne
1170 4282 1289 4360 quidem
1320 4286 1442 4345 actionis
1466 4294 1538 4361 geum

725 4410 740 4438 0
752 4409 808 4458 For.
819 4411 851 4474 τῇ
862 4407 888 4457 δὲ
896 4407 1052 4472 ἐνεργεστίρο
1062 4408 1098 4457 ἔτι
1108 4410 1201 4459 τούτων
1212 4412 1345 4474 barabbas.
