4092 5150
473 409 539 471 904
645 435 648 440 ’
775 436 779 442 ·
804 405 1183 469 ANNOTATlONES

476 578 566 663 qussi
581 577 621 640 ab
644 577 817 661 interprete
838 576 1000 641 inventum
1020 585 1114 652 esset,
1135 578 1184 641 sol
1211 579 1252 643 cle
1279 575 1372 659 εὐχὴν
1396 577 1519 661 κληθῇὸ

475 681 631 762 ἐπιχώριος
653 680 899 756 {riccerico-si
920 689 1021 743 autem
1041 677 1173 743 ubsoedoe
1193 679 1266 754 sint,
1288 688 1315 742 ct
1336 679 1373 742 in
1393 679 1523 742 orations

474 792 594 845 vocatus
606 782 710 865 fucrit
723 782 777 866 pai
791 781 829 846 dc
850 804 882 845 oo
904 781 964 844 leco
986 791 1029 845 cst
1049 782 1251 866 corepiscopus
1267 779 1354 862 (sic),
1370 779 1449 844 solas
1462 779 1521 844 dot.

476 885 642 969 Videoque
662 883 717 948 Fr.
731 885 894 968 Brokesby
910 884 943 947 in
964 885 1051 948 Hic.
1072 885 1187 969 Recisn.
1203 881 1317 948 Ecce.
1334 883 1442 948 Prim.
1458 904 1522 969 cap

476 987 542 1050 xiii.
563 1009 594 1070 p.
609 1006 681 1070 205.
705 986 840 1072 Angliea
865 987 972 1072 lingua
995 986 1186 1072 conscripta,
1208 985 1271 1049 fide
1292 984 1448 1049 versionis
1468 985 1522 1048 hu·

471 1091 563 1175 jusce
578 1090 687 1153 nisum
703 1089 889 1154 vocabulum
904 1090 1130 1171 χωρεπίσκοπος
1144 1089 1282 1153 inserere
1296 1087 1443 1152 voluisse.
1466 1087 1524 1152 Sed

479 1194 582 1256 urinus
605 1193 694 1267 bene,
711 1215 784 1257 nam
807 1190 947 1268 inferius,
963 1190 1016 1253 ubi
1031 1191 1139 1276 agitur
1161 1193 1201 1255 de
1220 1191 1468 1276 chorepiscopis,
1484 1189 1524 1255 ibi

476 1295 627 1368 innuitur,
659 1295 927 1380 chorepiscopum,
955 1295 1052 1358 etiam
1081 1303 1238 1379 praesente
1268 1293 1430 1378 episcopo,
1456 1303 1524 1369 tuuf

476 1419 571 1481 quam
587 1398 739 1482 collegam
756 1398 833 1482 ejus,
850 1397 1044 1477 προσφέρειν,
1061 1417 1116 1460 scu
1135 1399 1309 1477 ἱερουργεῖν.
1356 1397 1441 1460 Cum
1456 1417 1525 1458 vero

478 1498 509 1562 iu
525 1500 629 1564 aliena
643 1501 775 1564 ecclesia
797 1520 928 1584 peregre
950 1499 1069 1583 agebat
1091 1497 1178 1560 urbis
1199 1497 1338 1582 cujusvis
1352 1497 1525 1582 episeopus,

478 1624 546 1665 mos
571 1603 643 1676 fuit,
666 1610 703 1667 nt
729 1624 820 1666 saera
845 1602 949 1665 locere
972 1601 1001 1664 ei
1027 1600 1254 1664 concederetur
1275 1600 1317 1663 ab
1345 1600 1450 1665 altero
1474 1623 1525 1664 au·

477 1704 591 1773 tistitc.
648 1704 801 1788 Idemque
832 1703 1009 1768 laciendum
1045 1702 1139 1786 jubet
1174 1702 1364 1767 Arctum
1400 1702 1526 1767 Oosoils‘i

478 1829 580 1870 canon
596 1808 684 1870 XIX
696 1855 703 1869 .
727 1809 776 1870 Dc
790 1806 936 1891 episcopis
949 1805 1130 1890 percyrc'nie,
1146 1805 1200 1889 qui
1215 1805 1249 1867 in
1261 1803 1365 1869 mim
1376 1805 1472 1870 solat
1485 1828 1527 1870 os»

478 1909 556 1982 uiro,
565 1909 689 1993 plccrcit
702 1911 744 1972 eis
758 1909 852 1973 ἱοοονν
867 1908 941 1971 desi
955 1917 989 1971 et
1002 1909 1137 1989 pssunt.
1181 1906 1272 1987 Quod
1288 1906 1344 1970 diu
1359 1919 1437 1972 ante
1453 1907 1527 1972 nni-

479 2019 569 2073 cetus
585 2010 618 2073 S.
631 2011 807 2094 Polycorpo
823 2011 934 2076 Itomae
949 2012 1158 2076 commoranti
1181 2012 1348 2087 concessit,
1364 2021 1452 2077 teste
1467 2013 1527 2076 loe·

480 2135 549 2176 uaeo
565 2115 650 2197 apud
667 2114 851 2177 Eusebium.
885 2115 996 2198 Atque
1010 2114 1062 2200 agi
1079 2114 1111 2177 iu
1126 2115 1231 2199 priore
1245 2115 1387 2179 (lenonis
1403 2115 1526 2179 Neocae·

481 2217 628 2280 suriensis
644 2226 734 2301 parte
749 2218 788 2281 de
804 2218 886 2281 ruris
900 2226 1027 2282 tautum
1042 2217 1245 2302 presbyteris,
1261 2218 1342 2281 satis
1364 2219 1528 2282 ostendere

481 2317 607 2381 videtur
629 2340 704 2402 pars
727 2320 790 2383 ista
816 2319 973 2404 posterior
998 2320 1039 2382 ‹le
1064 2319 1308 2405 chorepiscopis.
1356 2319 1528 2404 Distinguit

483 2419 604 2494 itidem,
621 2428 657 2484 ut
672 2421 776 2484 obiter
789 2422 850 2484 hoe
865 2428 984 2496 notem,
999 2421 1084 2485 inter
1098 2420 1358 2505 chorepiscopum
1374 2431 1409 2485 et
1424 2443 1526 2505 quem·

482 2519 528 2583 vis
544 2521 763 2604 presbyterum
779 2531 812 2587 et
827 2523 993 2588 diaconum
1012 2523 1143 2588 Caecilii
1159 2523 1408 2588 Chalcedonensis
1422 2522 1528 2588 Cenon

483 2622 528 2686 Il.
569 2624 684 2687 Verum
707 2625 866 2689 enimvero
889 2627 968 2691 bene
991 2627 1041 2690 hic
1064 2628 1186 2691 monuit
1206 2627 1365 2711 interpres
1381 2627 1530 2712 Anglicus

483 2727 506 2787 J
508 2748 627 2789 oannes
642 2729 664 2788 J
667 2727 837 2803 ohnsonus,
854 2729 927 2791 olim
943 2738 1129 2793 consuetum
1145 2752 1212 2793 esse
1231 2752 1394 2794 reservare
1410 2739 1528 2815 partem

483 2827 709 2891 elementorum
722 2840 978 2894 consecratorum
989 2857 998 2903 ;
1021 2832 1129 2915 itaque
1141 2853 1176 2894 re
1187 2831 1266 2894 bene
1279 2854 1449 2917 perpensa,
1465 2851 1530 2897 eum

485 2951 593 2991 omnes
605 2929 670 2991 sere
682 2931 804 2994 codices
816 2932 949 3015 pluralia
964 2933 1048 2996 haurd
1065 2942 1248 3017 agnoscant,
1262 2933 1313 2995 vix
1326 2934 1451 3009 dubito,
1461 2933 1529 3019 quin

484 3041 561 3095 ante
587 3032 673 3104 illud,
700 3034 748 3096 καὶ
777 3038 819 3101 elo
848 3036 938 3117 εὐχὴν
965 3040 1069 3114 κληθῇ,
1095 3058 1155 3099 vox
1183 3038 1340 3117 ἐπιχώριος
1361 3037 1532 3101 subintelli-

484 3136 588 3219 genda
610 3135 661 3207 sit,
678 3145 711 3199 et
731 3145 855 3200 mutato
869 3139 960 3215 μόνος
982 3136 1013 3199 in
1035 3139 1129 3213 μόνον
1148 3137 1349 3200 scribendum
1370 3139 1425 3211 sit,
1443 3138 1531 3218 μόνον

486 3240 625 3308 dihomo:
648 3246 705 3301 aut
720 3238 843 3314 saltem,
856 3240 882 3302 si
899 3239 1044 3302 malimus
1059 3262 1183 3303 servare
1196 3244 1297 3318 μόνος,
1313 3244 1532 3305 tantumdem

486 3361 548 3403 uon
565 3339 676 3402 offerro
690 3341 913 3405 eucharistiam
928 3342 977 3404 his
994 3342 1096 3404 verbis
1111 3342 1298 3425 presbytero
1313 3343 1530 3427 permittatur.

533 3443 568 3503 P.
589 3443 658 3524 185.
674 3442 694 3503 l.
711 3462 757 3505 ιο.
769 3446 811 3509 εἰς
824 3447 916 3507 τύπον
934 3450 991 3507 τῶν
1008 3443 1225 3527 ἑβδομήκοντα]
1251 3445 1389 3529 Propter
1411 3469 1533 3531 compa

486 3543 642 3607 rationem
659 3545 718 3608 hoc
731 3546 799 3609 loco
811 3548 928 3610 saetam
939 3546 1233 3631 chorepiscoporum
1246 3566 1316 3610 oum
1331 3549 1534 3634 septuaginta

488 3647 657 3729 discipulis,
681 3649 816 3729 probare
836 3661 993 3712 conantur
1017 3650 1171 3723 Zonaras,
1198 3649 1358 3726 Balsamo‚
1384 3651 1535 3715 ttatthae-

488 3771 586 3833 usque
603 3749 774 3825 Blastares‚
790 3752 907 3813 nullam
923 3752 983 3814 illis
997 3752 1094 3815 fuisse
1109 3759 1301 3836 potestatem
1316 3753 1364 3816 vel
1380 3754 1536 3838 signandi,

488 3851 563 3923 sive,
579 3860 615 3914 ut
631 3874 713 3915 nunc
728 3853 893 3936 loquimur,
910 3854 1115 3917 confirmandi
1138 3853 1329 3936 baptizatos,
1345 3856 1392 3919 vel
1413 3858 1537 3920 ordines

489 3975 595 4030 saeros
615 3955 806 4029 conferendi,
822 3978 860 4017 ex
881 3980 918 4018 eo
941 3956 1024 4040 quod
1048 3957 1079 4018 in
1104 3957 1193 4019 Actis
1208 3957 1419 4040 Apostolorum
1435 3959 1537 4043 capite

490 4065 602 4119 octavo
627 4058 741 4121 Petrus
763 4067 798 4122 et
819 4059 842 4121 J
845 4082 961 4122 oannes
983 4082 1022 4123 ex
1043 4058 1207 4122 duodecim
1231 4060 1397 4143 apostolis,
1426 4063 1537 4146 quibus

489 4157 546 4218 soli
570 4166 682 4241 postea
704 4159 825 4223 suffecti
850 4170 924 4224 sunt
947 4161 1097 4245 episcopi,
1126 4161 1350 4244 Hierosolyma
1365 4163 1456 4227 missi
1488 4164 1538 4231 lu·.

492 4258 575 4321 erint
595 4260 636 4324 ab
657 4261 809 4344 apostolis
833 4262 1019 4338 Samariam,
1045 4273 1081 4327 ut
1110 4285 1220 4327 munus
1243 4263 1445 4347 imponerent
1468 4265 1538 4340 illis.v

492 4361 543 4445 qui
564 4384 585 4426 a
609 4363 754 4451 Philippo
778 4364 930 4448 baptizoti
947 4374 1062 4431 essent.
1108 4367 1196 4430 Ante
1211 4387 1284 4428 vero
1305 4366 1364 4434 hos
1382 4388 1536 4431 conniten-
