4092 5150
697 1533 1298 1634 ANNOTATIONES

638 1779 707 1861 IN
750 1782 787 1862 S.
826 1777 1126 1861 DIONYSII
1170 1776 1356 1859 ALEX.

698 2016 969 2091 EXCERPI'A
997 2014 1301 2089 NICETIANA.

863 2229 1139 2277 ...φ-

519 2399 560 2461 Iu
576 2396 745 2461 Nicetiana
764 2396 887 2461 Catone
907 2395 1044 2459 Petrum
1062 2393 1094 2457 in
1113 2392 1137 2457 J
1139 2394 1245 2473 chum,
1261 2416 1333 2480 quae
1348 2415 1387 2458 ex
1401 2389 1499 2456 duobus

474 2496 635 2560 codicibus
657 2495 838 2559 Bodleienis
858 2515 879 2558 a
896 2493 1036 2559 Patricio
1056 2492 1080 2557 J
1081 2495 1156 2558 unio
1175 2516 1261 2560 anno
1280 2498 1362 2582 1637
1377 2488 1501 2580 auspiciis

475 2597 622 2662 Gulielmi
636 2598 730 2661 Laud
745 2606 822 2662 tunc
833 2597 1061 2683 archiepiscopi
1071 2598 1321 2676 Cantuariensis,
1334 2605 1409 2681 post
1418 2591 1502 2682 pouilo

475 2700 561 2763 beati
585 2700 744 2784 martyris,
770 2700 909 2763 Londini
934 2699 1021 2763 edite
1045 2706 1103 2775 est,
1126 2701 1265 2784 quinque
1287 2708 1404 2765 extent
1424 2699 1503 2780 ῥήσεις

476 2801 619 2886 Dionysii
640 2802 766 2865 nomine
788 2801 958 2885 inscriptae.
1004 2802 1091 2882 Ques
1111 2802 1239 2887 quidem
1262 2824 1374 2866 omnes
1396 2803 1505 2885 dempta

475 2904 576 2989 prims
614 2904 738 2967 illarum
772 2905 813 2968 ad
846 2902 1036 2987 Dionysium
1067 2905 1235 2987 praesulem
1268 2904 1506 2969 Alexandrinum

475 3007 634 3091 pertinere
644 3029 813 3070 consensus
829 3006 965 3090 plurium
977 3006 1120 3069 codicum
1133 3007 1326 3091 scriptorum
1337 3007 1505 3078 confinust5

475 3130 546 3171 oum
569 3108 633 3172 trie
654 3109 718 3171 slis
739 3110 932 3193 exemplaria
954 3118 1071 3195 praeter
1092 3109 1145 3172 illa
1170 3109 1243 3183 duo,
1269 3109 1387 3193 quibus
1408 3105 1507 3171 Junius

474 3232 551 3273 usus
571 3217 630 3286 est,
647 3210 679 3272 in
699 3210 810 3274 eadem
830 3210 1021 3275 bibliotheca
1040 3210 1182 3274 conferre
1201 3231 1274 3273 cum
1294 3210 1384 3274 editu
1404 3209 1507 3273 citou

475 3312 553 3375 mihi
567 3311 701 3376 licuerit.
745 3312 793 3374 Hi
808 3313 946 3396 quinque
961 3312 1085 3376 codices
1099 3312 1131 3374 in
1147 3311 1307 3395 Cstslogo
1324 3311 1414 3375 Libb.
1426 3308 1506 3373 MSS.

475 3414 614 3477 numeris
628 3414 772 3498 signatur
791 3417 861 3494 176.
880 3416 947 3495 178.
962 3434 1031 3499 195.
1045 3434 1116 3478 201.
1130 3432 1203 3495 701.
1219 3435 1237 3475 e
1253 3412 1369 3497 quibus
1385 3409 1506 3481 Junian't

475 3516 507 3579 ni
531 3517 633 3593 fallor,
649 3523 724 3579 sunt
744 3517 834 3579 codd.
852 3519 910 3596 176
926 3523 961 3579 et
979 3519 1049 3597 178.
1066 3516 1114 3579 vel
1132 3515 1239 3601 potius
1256 3534 1332 3592 201,
1348 3517 1425 3579 dum
1443 3511 1508 3579 anti·

475 3616 615 3699 quissimi
631 3617 802 3680 eorundem
814 3623 888 3679 sunt
904 3616 994 3679 codd.
1013 3637 1048 3698 ¹9
1051 3637 1070 3699 5
1083 3623 1116 3679 et
1130 3634 1200 3678 201.
1224 3616 1444 3700 Lcngbaenius
1457 3611 1506 3698 qui

474 3718 557 3794 dem,
573 3718 611 3780 iis
633 3718 828 3801 temporibus
851 3718 945 3802 hujus
967 3718 1138 3783 academice
1161 3719 1265 3794 decus,
1288 3717 1321 3780 in
1344 3717 1507 3781 recensione

475 3841 534 3882 sus
548 3819 692 3883 codicum
706 3820 970 3884 Bnrocciunorum
987 3822 1127 3884 nondum
1141 3820 1229 3883 editu
1244 3820 1356 3897 refert,
1371 3818 1506 3905 prodiisse

474 3923 629 3987 Ontenum
649 3923 672 3983 J
674 3922 823 3985 unionem
838 3944 878 3985 ex
899 3922 991 3985 codd.
1007 3924 1066 4004 178
1079 3929 1112 3985 et
1126 3940 1197 3986 201.
1213 3921 1269 3984 sed
1290 3928 1444 4005 quantum
1462 3935 1505 4000 ego

474 4044 514 4085 ex
537 4023 742 4108 Dionysisnis
762 4024 870 4105 ῥήσεσι
892 4023 1016 4108 colligo,
1039 4024 1242 4104 codices176
1265 4030 1299 4087 et
1324 4042 1383 4090 201
1410 4015 1504 4085 editon'

473 4146 567 4208 opem
589 4126 819 4209 praestiterunt,
835 4127 911 4189 dum
930 4127 1030 4189 codex
1049 4126 1107 4206 178
1125 4133 1252 4189 tantum
1272 4128 1450 4208 ἆπόγραφον
1467 4124 1503 4184 est

472 4226 603 4290 alterius
622 4245 694 4293 201.
741 4229 871 4292 Interes
892 4249 932 4290 ex
955 4226 1054 4291 MSto
1081 4246 1138 4312 195
1162 4227 1300 4311 signato,
1320 4235 1363 4303 et,
1388 4235 1423 4289 ut
1443 4219 1499 4292 dixi,

472 4327 704 4411 antiquissimo,
730 4351 823 4412 quem
849 4331 1018 4415 ignorabat
1045 4333 1067 4394 ‚J
1071 4331 1172 4408 unius,
1197 4330 1369 4415 plurimum
1390 4322 1498 4416 opissd
