4092 5150
481 407 545 471 202
816 405 1197 481 ANNOTATIONES

480 577 563 643 Haeo
577 575 629 641 ille
645 600 675 663 p.
690 597 739 661 13·
755 576 869 662 quibus
883 577 944 640 hoc
963 576 1075 649 oddae,
1098 574 1252 660 eppelleri
1272 595 1295 639 e
1310 572 1431 639 Photio
1450 573 1524 637 deei-

480 702 568 744 mum
591 692 752 764 quartum,
775 679 829 764 qui
851 701 953 742 conon
976 679 1108 744 ultimus
1129 680 1182 756 sit,
1202 680 1236 743 in
1256 678 1365 764 oepite
1392 679 1526 764 proxime

480 789 633 866 sequente
647 781 724 844 illud
739 804 761 844 e
776 780 998 845 Lesohosserio
1014 791 1308 847 commemoratum.
1342 785 1426 847 Pers
1438 803 1527 867 porro

479 883 639 968 posterior
652 883 783 969 hujusce
798 881 939 945 Cononis
953 882 987 945 in
1001 882 1088 947 tituli
1109 883 1197 948 tertii
1212 883 1318 969 cupite
1333 895 1450 948 octavo
1464 892 1528 947 ten

482 1008 578 1072 quam
594 985 734 1048 decimus
748 984 862 1049 tertius
877 1006 979 1047 conon
994 985 1112 1049 nllutus
1126 993 1185 1048 cst.

526 1090 562 1152 P.
580 1090 614 1150 18
616 1105 647 1172 5.
663 1087 684 1150 i.
694 1107 726 1171 5.
742 1086 916 1169 Ἐπιχόριοι
927 1089 1139 1173 πρεσβύτεροι]
1154 1090 1177 1152 -J
1179 1110 1298 1152 oannes
1315 1088 1470 1153 Antioch.
1480 1088 1527 1152 tit.

480 1190 544 1254 xxi.
560 1188 637 1274 legit
653 1191 805 1271 ἐπιχώριοι
821 1187 1010 1268 ἐπίσκοποιῆ
1030 1193 1238 1272 πρεσβύτεροι,
1259 1200 1294 1255 et
1311 1213 1398 1268 mox,
1420 1192 1469 1254 καὶ
1490 1193 1528 1257 sit

480 1292 571 1376 εὐχὴν
587 1293 681 1376 κληθῇ
698 1292 855 1374 ἐπιχώριοι
868 1293 968 1369 μόνοι.
985 1290 1149 1354 Hsnuum.
1194 1294 1226 1356 A
1236 1294 1360 1358 Joaene
1373 1294 1487 1379 scn'lstc
1500 1292 1529 1355 iu

478 1393 672 1458 bibliotheca
688 1393 779 1457 Bodl.
795 1392 912 1457 rectius
927 1393 1046 1458 obsunt
1061 1416 1155 1458 voces
1170 1397 1329 1458 ἐπίσκοποι
1344 1395 1373 1474 ἦ.

524 1494 608 1559 Ibid.
630 1494 804 1578 Ἐπιχόριοι
825 1499 1037 1581 πρεσβύτεροι]
1064 1496 1138 1560 Hoc
1160 1505 1219 1574 est,
1241 1495 1420 1581 Presbyteri
1438 1497 1527 1574 ruris,

476 1605 515 1662 ut
529 1597 701 1682 Dionysius
716 1597 860 1682 Exiguus
874 1609 961 1662 recte
976 1599 1083 1663 vertit.
1109 1598 1147 1661 ln
1162 1598 1222 1662 hoc
1237 1601 1320 1662 enim
1336 1609 1371 1664 et
1385 1599 1528 1684 sequenti

477 1722 597 1764 oenone
608 1699 668 1785 [vel
681 1700 787 1784 potius
797 1700 857 1763 hoc
869 1699 948 1775 solo,
956 1699 1112 1783 siquidem
1123 1700 1156 1764 in
1167 1701 1324 1788 plerisque
1336 1702 1528 1767 editionibus

479 1802 603 1868 Latinis
625 1802 698 1865 huic
721 1801 771 1865 ille
792 1801 1008 1886 conjungitur]
1031 1802 1071 1866 de
1093 1802 1258 1891 Episcopis
1276 1814 1309 1869 et
1325 1804 1527 1889 Presbyteris

476 1904 559 1967 ruris
574 1904 689 1989 egitur,
705 1912 861 1989 quatenus
881 1904 923 1967 nb
946 1903 984 1967 iis
1006 1904 1254 1989 distinguuntur,
1271 1905 1325 1990 qui
1346 1905 1379 1969 in
1397 1905 1528 1969 urbibus

476 2005 643 2070 constituti
659 2016 753 2082 sunt;
777 2014 811 2069 et
826 2005 907 2069 teies
922 2005 1049 2090 quidem
1066 2006 1259 2091 Presbyteri,
1272 2007 1426 2088 ἐπιχώριοι
1441 2031 1528 2086 πρεσ·

475 2112 607 2188 βότεροι,
626 2117 659 2172 et
680 2106 830 2193 Episcopi
850 2111 1072 2191 χωρεπίσκοποι
1090 2109 1300 2194 appellentur.
1348 2107 1394 2172 Et
1414 2107 1476 2171 iilis
1497 2107 1528 2171 in

476 2211 563 2274 urbis
588 2211 764 2286 Dominico‚
786 2218 943 2296 praesente
959 2208 1118 2295 Episcopo
1135 2223 1193 2276 out
1212 2211 1413 2296 Presbyteris
1432 2211 1528 2288 urbis,

476 2313 589 2376 offerre
614 2312 800 2398 prohibetur
812 2337 821 2388 3
854 2312 904 2375 his
927 2321 1036 2376 eutem
1061 2313 1268 2397 permittitur.
1313 2313 1409 2377 Adeo
1440 2322 1476 2378 ut
1501 2313 1527 2376 si

477 2416 598 2480 nullum
623 2415 709 2479 eliud
739 2423 923 2500 suppeteret
948 2424 1181 2500 argumentum,
1205 2414 1278 2478 hinc
1302 2415 1421 2479 seltern
1446 2415 1528 2479 clere

476 2517 556 2582 setis
571 2517 743 2595 evincatur,
755 2518 1007 2604 chorepiscopos
1021 2540 1085 2581 non
1099 2518 1194 2582 fuisse
1210 2520 1385 2601 ἐπιχωρίους
1396 2525 1528 2601 πρεσβυ-

477 2620 589 2701 πέρους,
600 2621 865 2705 utpoteeqnibus
874 2620 925 2683 hic
935 2620 1135 2705 apertissime
1144 2620 1395 2705 distinguuntur.
1418 2621 1527 2707 Neque

477 2745 554 2786 sene
585 2723 649 2785 ulla
677 2723 767 2787 reddi
797 2730 904 2808 potest
930 2723 1023 2798 ratio,
1048 2746 1145 2807 quare
1168 2724 1211 2787 illi
1234 2727 1471 2805 χωρεπίσκοποι,
1494 2724 1525 2787 hi

477 2827 629 2908 ἐπιχώριοι
637 2829 837 2906 πρεσβύτεροι
848 2825 1045 2889 dicerentur:
1062 2825 1121 2888 nisi
1133 2825 1217 2910 quod
1227 2825 1354 2889 iliivcre
1365 2825 1523 2912 Episcopi,

476 2935 510 2992 et
535 2927 567 2990 hi
593 2950 667 2991 vere
690 2927 874 3011 Presbyteri
896 2927 928 2989 in
950 2949 1025 2991 rnre
1046 2927 1213 2991 constituti
1236 2937 1353 2992 esseut.
1401 2928 1466 2993 Sed
1486 2930 1523 2992 de

477 3029 719 3114 Chorepiscopis
747 3028 871 3105 videsis,
902 3051 972 3112 quae
999 3029 1100 3093 fusius
1128 3030 1334 3093 commentati
1361 3052 1471 3095 sumus
1492 3032 1520 3094 in

475 3131 737 3196 annotationibus
762 3130 804 3194 ed
830 3132 986 3194 decimum
1015 3132 1146 3196 tertium
1173 3132 1292 3216 Synodi
1318 3134 1522 3218 praecedentis

476 3234 541 3298 sive
557 3237 737 3318 Ancyrenae
753 3254 914 3296 cononem.
940 3232 1162 3299 BEVEREG.
1210 3235 1329 3299 Positae
1341 3247 1419 3302 sunt
1433 3238 1518 3301 inire

476 3358 508 3423 p.
522 3356 595 3404 212.

521 3438 605 3506 lbid.
619 3438 640 3503 l.
657 3440 687 3502 6.
710 3437 907 3523 προσφέρειν]
927 3440 1121 3520 Προσφέρειν
1141 3448 1174 3503 et
1189 3442 1301 3505 διδόναι
1322 3444 1368 3507 sic
1391 3465 1514 3509 comme·

476 3551 581 3606 morat
595 3542 705 3605 Canon
721 3540 839 3623 Syrtodi
852 3541 993 3604 Νόσοινιω
1002 3563 1093 3603 xvrrr.
1124 3539 1243 3606 Ἦλθεν
1255 3546 1297 3610 εἰς
1309 3544 1364 3623 τὴν
1375 3549 1466 3628 byses
1475 3546 1514 3610 ιαέ

475 3645 612 3728 μεγάλην
626 3646 764 3716 σύνοδον,
781 3646 826 3707 ότι
846 3645 880 3707 ἐν
894 3670 954 3707 τισι
974 3646 1076 3710 τόποις
1091 3645 1139 3707 καὶ
1159 3647 1268 3708 πόλεσι
1282 3654 1346 3714 τοῖς
1360 3646 1513 3730 πρεσβιπέ-

475 3774 538 3829 ραις
552 3747 606 3825 τὴν
621 3747 814 3829 εὐχαριστίαν
829 3749 858 3810 oi
873 3747 1004 3810 διόκονοι
1018 3748 1162 3810 διδόασιν·
1186 3748 1288 3828 ὥσπερ
1302 3751 1402 3813 atreo
1418 3748 1510 3820 ιανόν,

474 3851 542 3912 οὔτε
556 3850 575 3927 ἡ
589 3848 732 3927 συνήθεια
745 3848 907 3928 παρέδωκε,
920 3848 986 3914 τοὺς
997 3850 1136 3925 ἐξουσίαν
1144 3849 1184 3927 μὴ
1193 3849 1320 3931 ἔχοντας
1328 3854 1508 3935 προσφέρειν,

474 3955 537 4016 τοῖς
550 3948 757 4030 προσφέρουσι
772 3950 885 4012 διδόναι
900 3948 933 4011 τὸ
950 3954 1036 4025 σῶμα
1050 3953 1102 4011 τοῦ
1118 3955 1261 4029 Χριστοῦ.

518 4048 600 4112 Ibid.
616 4049 636 4112 l.
650 4052 680 4112 6.
697 4052 844 4130 παρόντος
859 4051 1021 4112 ἐπισκόπου
1036 4048 1054 4128 ἦ
1068 4051 1280 4131 πρεσβυτέραν
1292 4057 1423 4140 πόλεως]
1442 4055 1508 4120 Haet

475 4149 571 4213 verbo
597 4149 627 4211 in
653 4150 724 4212 MS.
747 4150 1003 4214 Amerbechinno
1033 4150 1265 4215 desiderentur.
1323 4154 1388 4219 Sed
1416 4174 1509 4221 omncs

474 4249 527 4313 elii
550 4250 673 4313 codices
696 4250 810 4328 Grmci,
833 4274 897 4315 nne
920 4273 990 4315 cum
1014 4252 1142 4315 Jonnne
1164 4253 1380 4333 Antiocheno,
1403 4258 1508 4343 legunt,

473 4350 619 4433 παρόντος
639 4353 800 4416 ἐπισκόπου
819 4351 838 4430 ἢ
858 4354 1064 4436 πρεσβυτέρου
1083 4357 1206 4421 πόλεως.
1253 4356 1348 4421 Adeo
1364 4369 1401 4424 ut
1416 4365 1509 4423 noster
