4092 5150
816 419 848 481 S.
872 417 1062 482 PETRUS
1087 417 1234 481 ALEX.
1509 417 1551 480 4³

499 587 882 698 ὀξέωςπρονόμευαον·
903 590 992 669 διότι
1004 588 1113 693 πρινὴ
1128 596 1262 692 γνῶναι
1275 588 1317 670 τὸ
1330 589 1471 670 παιδίοιν
1487 624 1547 671 κα

501 733 576 806 λεῖν
589 724 730 828 πατέρα
742 723 765 825 ἦ
777 727 923 829 μητίρα,
941 724 1101 831 λήψεται
1114 723 1263 824 δύναμιν
1276 732 1479 823 Δαμασκοῦ
1492 727 1552 804 καὶ

502 861 548 941 τὰ
565 871 690 942 σκῦλα
705 863 905 964 Σαμαρείας
923 860 1040 940 ἔναντι
1057 862 1239 956 βασιλέως
1263 862 1485 963 Ἀσσυρίων.
1517 867 1551 940 οἱ

502 1006 592 1100 γοῦν
608 995 719 1100 μα’γοι
738 1000 786 1080 ὡς
811 995 880 1097 ἤδη
894 996 1148 1082 σκυλευθέντες
1167 998 1225 1075 καὶ
1244 997 1551 1100 προνομευθέντες,

473 1131 797 1234 διπτοτεταγμενως
815 1135 874 1211 καὶ
895 1138 1084 1231 τιμητικῶς
1109 1130 1376 1234 ιιπροσκυνοῦσι
1394 1135 1445 1237 τῷ
1464 1165 1550 1210 παι·

504 1269 580 1375 δίιρ,
598 1268 800 1369 ἀνοίγοντες
822 1264 905 1349 τοὺς
928 1264 1132 1368 θησαυρούς
1157 1268 1274 1344 αὐτῶν
1299 1271 1358 1345 καὶ
1382 1265 1551 1370 προσφέ·

502 1438 626 1507 ροντες
663 1404 759 1508 αύτῷ
790 1402 1005 1504 καιριώτατα
1037 1405 1095 1481 καὶ
1131 1401 1414 1505 πρεπωδέστατα
1446 1404 1554 1505 δῶρα,

503 1537 644 1644 χρυσὸν
662 1541 721 1616 καὶ
738 1541 889 1631 λίβανον
907 1539 967 1616 καὶ
985 1536 1160 1640 σμύρναν,
1174 1540 1222 1621 ὡς
1241 1544 1391 1632 βασιλεῖ
1401 1541 1459 1616 καὶ
1473 1542 1556 1644 Θεῷ

505 1679 565 1754 καὶ
576 1674 765 1780 ἀνθρώπῳ.
786 1673 867 1753 ὅθεν
878 1673 992 1752 ούκέτι
1003 1671 1093 1776 πρὸς
1105 1673 1168 1752 τὸν
1181 1673 1382 1775 Ἀσσύριον
1396 1672 1554 1768 βασιλέα

460 1810 670 1916 Ιοήξίωσαν
698 1808 938 1912 ὑποστρέψαι,
966 1807 1242 1911 συνεργούμενοι
1274 1807 1342 1888 ὑπὸ
1376 1813 1438 1908 τῆς
1466 1844 1555 1911 προ-

506 1947 616 2028 νοίας.
647 1945 949 2048 χρηματισθεντες
968 1943 1050 2048 γὰρ,
1070 1949 1175 2050 φησὶ,
1196 1947 1270 2024 κατ’
1291 1944 1378 2048 ὄναρ
1397 1943 1447 2044 μὴ
1463 1949 1551 2025 ἁνα-

506 2081 652 2186 κάμψαι
669 2074 759 2181 πρὸς
776 2080 954 2181 Ἡρώδην,
970 2082 1011 2159 δι’
1028 2081 1145 2179 ἄλλης
1160 2082 1243 2159 ὁδοῦ
1261 2081 1495 2184 ἀνεχώρησαν
1509 2087 1556 2163 είς

506 2214 573 2315 τὴν
587 2215 709 2319 χώραν
722 2216 849 2294 αὐτῶν.
870 2215 969 2294 ἔνθεν
983 2213 1099 2295 ίδὼνὸ
1115 2214 1307 2317 αἱμοβόρος
1319 2215 1487 2318 Ἡρώδης
1501 2213 1556 2294 ὅτι

505 2352 699 2454 ἐνεπαίχθη
712 2348 780 2430 ὑπὸ
791 2356 863 2429 τῶν
876 2351 1014 2451 μάγων,
1029 2350 1194 2450 ἐθυμώθη
1206 2352 1301 2429 λίαν·
1320 2355 1378 2430 καὶ
1389 2352 1555 2430 ἀποστεί-

466 2517 497 2576 15
507 2499 587 2583 λας,
599 2488 725 2591 φησὶν,
738 2486 853 2563 ἀνεῖλε
865 2481 1003 2566 πάντας
1014 2484 1097 2568 τοὺς
1109 2488 1238 2568 παῖδας
1249 2482 1331 2568 τοὺς
1343 2488 1380 2563 ἐν
1393 2484 1558 2587 Βηθλεὲμ

507 2624 567 2701 καὶ
586 2624 624 2700 ἐν
641 2627 734 2700 πᾶσι
752 2627 825 2704 τοῖς
845 2621 953 2723 ὁρίοις
971 2622 1079 2720 αὐτῆς
1107 2621 1178 2701 ἀπὸ
1205 2626 1337 2705 διετοῦς
1361 2623 1419 2701 καὶ
1438 2657 1554 2702 κατω·

507 2757 609 2860 τέρω,
624 2755 714 2836 κατὰ
728 2755 791 2835 τὸν
805 2754 935 2861 χρόνον
955 2755 996 2835 δν
1014 2758 1195 2859 ἠκρίβωσε
1214 2756 1313 2859 παρὰ
1326 2764 1399 2836 τῶν
1416 2756 1555 2859 μάγων.

508 2894 586 2990 μεθ
602 2886 653 2970 ὧν
667 2894 725 2969 καὶ
737 2890 780 2969 τὸ
791 2887 863 2994 πρὸ
875 2892 982 2969 αὐτοῦ
994 2889 1162 2991 γεννηθὲν
1174 2892 1292 2993 ἕτερον
1304 2891 1447 2969 παιδίον
1459 2888 1560 2994 ζητή-

509 3061 581 3109 σας
594 3029 808 3120 ἀποκτεῖναι,
820 3022 938 3123 καὶμὴ
951 3022 1072 3126 εὑρὼν,
1083 3022 1147 3102 τὸν
1157 3023 1294 3127 πατέρα
1307 3024 1414 3102 αὐτοῦ
1426 3021 1561 3126 1Ζαχα-

470 3189 557 3247 2ori:
581 3185 649 3265 quia
672 3194 823 3264 antequam
844 3188 918 3243 sciat
937 3203 1011 3261 puer
1062 3203 1097 3240 ne
1119 3182 1244 3240 redirent
1269 3183 1309 3239 ad
1333 3181 1486 3250 Herodem,
1506 3202 1561 3260 per

511 3287 613 3326 vocare
626 3275 740 3344 patrem
753 3285 835 3322 suum
851 3273 876 3322 et
893 3272 1010 3321 matrem
1062 3264 1150 3321 aliam
1159 3264 1233 3320 viam
1244 3262 1421 3320 reversisunt
1434 3262 1560 3336 ἱππαρίο-

510 3369 592 3405 suam
607 3346 720 3426 afferet
724 3344 927 3437 fortitudinem
946 3345 1010 3402 Da·
1063 3364 1222 3402 ιιευιςναιιι.
1246 3342 1333 3401 Unde
1344 3341 1445 3399 videns
1456 3342 1557 3400 crude·

511 3428 610 3493 masei,
623 3435 649 3483 et
659 3426 751 3503 spolm
765 3425 905 3482 Samarioe
917 3446 1012 3483 coram
1062 3422 1098 3481 lis
1109 3422 1251 3488 Herodes,
1264 3423 1395 3501 quoniam
1406 3422 1508 3480 illusus
1517 3444 1560 3480 es-

512 3509 646 3587 regeAss
665 3506 782 3565 riorum.
811 3508 891 3583 Magi
901 3526 970 3580 ergo
978 3515 1012 3562 ut
1062 3513 1103 3561 set
1126 3526 1144 3562 α
1165 3504 1277 3582 MagiS,
1298 3502 1392 3560 iratus
1410 3512 1449 3560 est
1469 3504 1560 3561 valde.

468 3588 567 3667 25jam
595 3528 723 3666 spoffiati,
748 3586 889 3644 infantem
915 3586 1011 3642 humi·
1064 3584 1103 3642 Et
1119 3585 1239 3649 mittens,
1261 3584 1366 3659 inquit,
1382 3583 1483 3641 occidit
1502 3604 1559 3641 om·

513 3669 579 3727 liter
588 3680 619 3727 et
628 3666 800 3745 suppliciter
808 3667 1013 3730 adorant,suos
1065 3686 1115 3723 αις
1127 3684 1241 3743 pueros,
1258 3664 1403 3743 quierant
1426 3664 1455 3721 ιἰι
1470 3663 1561 3721 Beth.

512 3750 665 3807 thesauros
685 3747 858 3825 aperientes,
873 3758 903 3805 et
921 3747 948 3805 ei
967 3745 1013 3802 of·
1064 3745 1141 3811 leem,
1155 3746 1221 3802 etin
1233 3744 1361 3805 omnibus
1368 3744 1479 3819 finibus
1490 3746 1562 3823 ejus,

513 3830 651 3893 ferentes,
662 3827 789 3885 maxime
803 3837 969 3906 opportuna
984 3837 1013 3883 et
1064 3845 1080 3882 α
1109 3826 1217 3884 bimatu
1245 3835 1270 3883 el
1297 3823 1386 3903 ιἰψιι,
1409 3824 1561 3882 secundum

513 3907 760 3988 magnificadona,
770 3928 882 3973 aurum,
893 3918 923 3965 et
934 3906 1012 3971 thus,
1065 3915 1173 3984 tempus
1189 3907 1263 3985 quod
1277 3904 1447 3983 exquisierat
1459 3925 1477 3961 α
1494 3904 1562 3962 Μα-

458 4002 541 4063 3οςς
563 3989 723 4068 myrrham,
740 3998 773 4045 ut
795 3989 866 4065 regi,
885 3999 916 4045 et
938 3987 1012 4052 Deo,
1064 3990 1114 4062 gis,
1165 3987 1240 4044 Cum
1269 3986 1385 4063 quibus,
1414 3997 1445 4042 et
1472 3984 1562 4042 alium

514 4082 541 4128 et
554 4068 688 4128 homini:
710 4068 834 4126 unde-ad
849 4088 946 4145 regem
958 4068 1013 4124 As-
1065 4068 1146 4146 prius
1162 4078 1261 4124 natum
1278 4066 1418 4124 infantem
1434 4085 1498 4123 cum
1519 4066 1564 4121 in-

514 4151 620 4228 syrium
634 4168 694 4205 non
706 4147 830 4226 amplius
841 4148 947 4206 reverti
965 4168 1013 4203 vo·
1066 4148 1242 4206 terfecturus
1257 4146 1445 4223 quaesivisset,
1461 4156 1492 4203 et
1506 4165 1564 4201 non

515 4228 631 4289 luerunt
645 4228 808 4286 auxiliante
822 4227 1014 4307 providentia.
1068 4227 1236 4294 invenisset,
1250 4238 1360 4306 patrem
1378 4225 1441 4303 ejus
1455 4225 1564 4281 Zacha-

518 4311 662 4389 Responso
671 4309 892 4385 autemdnquit,
902 4318 1017 4386 accepto
1069 4310 1138 4365 rium
1161 4308 1307 4366 interfecit
1324 4307 1400 4365 inter
1424 4305 1565 4383 templum

681 4435 692 4468 ¹¹
706 4436 768 4485 Mat.
780 4436 805 4483 ii.
821 4451 859 4496 ιι,
873 4450 910 4496 ιι,
925 4435 962 4482 16.
1192 4434 1275 4482 lMat.
1288 4434 1354 4480 xxiii.
1368 4447 1407 4493 35.

1010 4523 1029 4559 G
1047 4516 1064 4561 2
