4092 5150
478 406 520 471 62
821 407 1173 475 ANNOTATIONES

478 578 547 643 ἀλλ’
574 580 641 663 οὐχὶ
666 602 706 643 ex
732 580 855 667 emptis
884 580 1040 644 nonnullis
1069 579 1247 644 Bodhieuie
1276 579 1406 665 sumpsi.
1451 578 1520 644 Jam

477 682 584 746 firmat
597 682 679 746 hane
694 682 861 747 lectionem
876 683 1052 747 Pedalium.

521 786 558 848 P.
569 804 623 869 33.
637 786 657 849 l.
671 808 717 864 ¹4·
729 787 788 850 ἆτδ
800 788 899 850 τόπων
910 789 952 854 εἰς
960 787 1080 871 τόπους]
1091 785 1183 850 Editi
1194 786 1253 849 ἀπὸ
1265 787 1358 850 τόπου
1370 789 1414 853 εἰς
1424 789 1520 852 τόπον.

478 887 542 951 Sed
567 889 701 952 alteram
727 897 884 974 praeatant
909 888 1076 953 lectionem
1101 899 1231 974 quatuor
1259 887 1345 952 οοόό.
1372 888 1465 952 Βοόό.
1491 898 1521 952 et

477 991 550 1054 MS.
569 991 690 1054 Ooielin.
708 991 783 1076 quin
798 1000 832 1056 et
846 991 926 1055 aliua
941 991 1032 1055 τοόυα
1045 991 1135 1055 Βοόό.
1155 993 1224 1072 196.
1240 993 1350 1058 τόπους
1363 1013 1424 1076 pro
1436 995 1521 1056 τόπου

477 1092 583 1169 habet,
600 1093 713 1177 illeque
726 1112 798 1176 205.
814 1095 873 1156 όττδ
890 1097 990 1157 τόπων
1004 1097 1047 1161 εἶς
1060 1096 1159 1157 τόπον
1174 1092 1259 1177 (sie).
1306 1093 1520 1167 Addidiaaem,

477 1196 608 1260 Petrum
625 1196 727 1280 ipsum
748 1196 792 1260 eie
813 1195 953 1259 laentum
968 1217 1036 1260 ease
1054 1196 1086 1258 in
1109 1195 1314 1282 Fragmenta,
1334 1195 1361 1258 ei
1382 1195 1518 1260 Alexan·

476 1298 558 1361 drini
573 1298 716 1382 praesuiis
738 1300 825 1378 ῥῆσιν
839 1319 908 1361 esse
923 1299 1071 1362 dueerem
1094 1299 1282 1383 particulam
1300 1298 1386 1362 illam
1410 1299 1520 1382 Mysia·

472 1394 568 1486 μυρία
584 1403 683 1464 Petro
698 1400 890 1484 adseriptae3
914 1401 953 1466 ὡς
969 1399 1045 1484 (leg.
1061 1402 1164 1482 ὅσους)
1181 1402 1214 1464 δὲ
1236 1401 1284 1463 καὶ
1306 1402 1322 1462 ό
1344 1399 1440 1482 μέγας
1456 1409 1522 1465 Διο·

477 1505 579 1569 νύσιος
606 1502 733 1584 (Alex.)
762 1505 1034 1583 κατακρυπτόμευος
1057 1502 1116 1566 ἀπὸ
1142 1504 1241 1566 τόπων
1267 1506 1309 1570 εἰς
1335 1505 1444 1569 τόπους
1467 1504 1520 1567 διο.

481 1605 640 1669 Concilior.
658 1613 735 1669 tom.
746 1627 773 1668 v.
791 1606 840 1668 ed.
855 1605 959 1668 Labb.
976 1627 1007 1689 p.
1018 1609 1092 1688 652.

520 1707 602 1770 ibid.
619 1708 637 1771 l.
654 1712 699 1770 16.
717 1710 764 1771 καὶ
778 1707 864 1792 ὅτου]
888 1709 926 1771 ln
941 1707 1031 1770 editio
1046 1711 1093 1770 καὶ
1114 1709 1195 1781 ὅθεν,
1211 1707 1266 1771 sed
1282 1709 1364 1786 όταν,
1381 1717 1420 1773 ut
1434 1717 1522 1773 nota·

476 1809 521 1873 vit
537 1810 574 1872 el.
592 1809 787 1882 Gallandius,
798 1809 832 1872 in
844 1809 998 1873 Bernardi
1012 1809 1107 1873 Nanii
1118 1808 1275 1873 senatoria
1283 1808 1403 1874 Veneti
1415 1810 1520 1885 οοόίοο,

475 1918 574 1995 atque
603 1911 635 1974 in
661 1922 741 1975 ίοανυ
769 1914 802 1975 S.
819 1911 972 1988 Matthaei,
997 1911 1123 1996 legitur.
1170 1911 1258 1974 Idem
1285 1912 1364 1976 dant
1395 1914 1522 1999 quiaque

475 2015 559 2078 codd.
596 2015 763 2078 Bodleiaei
786 2022 820 2078 et
841 2016 916 2078 Ma.
943 2015 1067 2078 Ooislin.
1092 2034 1163 2078 eum
1192 2013 1422 2099 OEoolampedii
1444 2017 1520 2080 Her-

476 2119 597 2202 eetique
623 2116 818 2181 Vereionides.
865 2118 976 2181 Habet
1000 2117 1047 2181 καὶ
1070 2119 1120 2180 ὅτε
1139 2127 1267 2202 atraque
1291 2117 1411 2202 Sylleye
1436 2119 1520 2183 (ἑτα-

477 2241 596 2283 corum.

520 2322 600 2388 lbid.
628 2325 662 2385 έν
683 2326 719 2408 τῇ
742 2325 829 2385 πόλει
852 2309 957 2405 ταύτῃ]
982 2321 1033 2385 Sie
1056 2343 1113 2406 pro
1137 2321 1255 2405 υυόρανο
1281 2324 1314 2385 έτ
1338 2327 1389 2402 τῆς
1411 2322 1522 2391 πόλεως

475 2426 580 2505 τοτ’ττης
601 2447 651 2489 του
672 2426 840 2490 Βοόίαἰαυί
854 2433 887 2489 et
910 2447 988 2488 aeae
1005 2424 1128 2488 Gemite.
1152 2423 1235 2487 idem
1258 2445 1324 2510 prae
1347 2446 1381 2487 se
1404 2425 1522 2490 ferente

474 2527 640 2615 Ευανροόὶἰ
654 2539 744 2593 taeta.

519 2632 555 2695 P.
567 2652 620 2716 34.
636 2631 656 2695 l.
674 2653 697 2696 1.
713 2634 793 2699 ὅπως
805 2632 846 2711 μὴ
861 2633 909 2695 καὶ
920 2630 1070 2695 πλειόνων
1082 2631 1218 2695 θανάτων
1234 2633 1303 2715 δια]
1323 2631 1469 2695 Zonaras
1482 2632 1520 2694 ad

475 2738 597 2799 Canon.
617 2737 685 2799 111.
711 2735 873 2818 Aneyram
898 2735 1046 2798 Concilii:
1075 2735 1178 2815 Νόμος
1198 2736 1367 2817 μαρτυρίου,
1390 2736 1486 2816 φησὶν
1506 2736 1521 2797 ό

474 2837 569 2918 μέγας
590 2839 624 2900 έν
647 2840 789 2921 θεολογίᾳ
812 2835 983 2919 Γρηγόριος,
1004 2838 1078 2916 μήτε
1101 2837 1261 2904 ἐθέλοντας
1283 2840 1325 2904 εἰς
1346 2840 1401 2901 τὸν
1423 2839 1522 2919 ἀγῶνα

474 2947 593 3023 χωρεῖν,
610 2944 711 3020 φειδοῖ
723 2946 782 3003 τῶν
798 2940 972 3016 διωκόντων,
989 2941 1109 3003 καὶτῶν
1125 2942 1361 3021 ἀσθενεστέραν.

519 3042 600 3105 Ibid.
616 3042 636 3104 l.
644 3044 672 3105 8.
685 3044 787 3124 ἀχθεὶς
799 3044 832 3104 ἐν
841 3044 880 3125 τῷ
893 3042 1048 3126 συνεδρίῳ]
1063 3042 1163 3105 Velim
1173 3042 1345 3106 rescribere
1355 3044 1398 3109 εἰς
1410 3043 1444 3105 τὸ
1457 3068 1522 3106 συν-

475 3145 582 3226 έδριον,
599 3145 682 3228 quod
693 3144 791 3207 habet
803 3146 899 3207 Sacer
914 3154 1033 3218 textus,
1049 3147 1096 3209 καὶ
1111 3146 1226 3226 ἤγαγον
1242 3148 1283 3211 εἰς
1297 3146 1331 3207 τὸ
1348 3145 1512 3226 συνέδριον.

519 3244 603 3308 Ibid.
619 3245 638 3308 l.
657 3264 703 3307 τυ.
717 3247 733 3306 ό
745 3244 899 3325 τρόκριτος
910 3251 969 3308 τῶν
984 3243 1163 3309 ἀποστόλων
1176 3251 1205 3308 Π
1209 3244 1306 3330 έτρος]
1324 3245 1379 3309 Ita
1393 3255 1522 3330 postero

475 3355 617 3431 tempore
634 3347 790 3430 Didymus
806 3369 930 3432 queque
946 3347 1183 3410 Alexandrinus
1203 3348 1233 3410 in
1251 3348 1355 3432 Opere
1376 3348 1462 3412 haud
1478 3349 1523 3413 ita

474 3449 595 3533 pridem
618 3472 636 3513 e
660 3449 786 3534 seriptis
809 3450 904 3526 edito,
921 3452 970 3513 De
997 3451 1158 3525 Trinitate,
1180 3450 1232 3512 lib.
1245 3450 1276 3513 ii.
1298 3472 1367 3534 eap.
1385 3453 1434 3515 18.
1452 3474 1522 3537 pag.

477 3554 548 3638 283.
595 3553 709 3634 Πέτρος
724 3556 740 3615 ὁ
756 3551 910 3633 πρόκριτος
924 3559 982 3616 τῶν
998 3551 1187 3616 ἀποστόλων.
1214 3553 1284 3616 Vid.
1295 3561 1328 3617 et
1340 3552 1393 3617 lib.
1406 3554 1437 3617 ii.
1454 3578 1522 3640 cap.

474 3676 505 3715 x.
528 3676 557 3738 p.
568 3674 642 3739 331·
691 3655 869 3719 Athanasio
894 3676 1018 3739 qnoque
1045 3655 1161 3719 Petrus
1185 3658 1201 3717 ὁ
1230 3662 1390 3736 κορυφαῖος
1416 3667 1466 3722 est
1491 3657 1522 3720 in

475 3756 503 3818 F
505 3765 670 3840 tegmento
687 3760 844 3821 Commeat.
854 3757 888 3820 in
900 3757 1018 3820 Paalm.
1030 3780 1078 3820 xv.
1090 3779 1203 3820 comm.
1217 3778 1247 3841 3.
1279 3758 1449 3835 Attamen,
1464 3758 1521 3822 nisi

473 3859 498 3921 si
525 3859 557 3921 in
582 3861 716 3923 eundem
743 3882 869 3923 sensum
893 3859 1090 3943 accipiantur
1116 3859 1287 3924 Clementis
1313 3860 1521 3923 Alexandnni

473 3962 569 4025 verba
584 3961 615 4024 in
631 3962 747 4039 libello,
763 3963 816 4046 qni
838 3961 1007 4046 inscriptus
1023 3972 1084 4037 est,
1104 3961 1178 4041 Quis
1199 3962 1280 4025 dinae
1294 3962 1436 4037 salvetur,
1451 3970 1519 4027 Τοι-

473 4064 575 4144 γόρτοι
590 4069 702 4128 τούτων
717 4068 856 4142 ἀκούσας,
873 4068 889 4128 ὁ
907 4065 1049 4145 μακάριος
1070 4066 1193 4146 Πέτρος,
1210 4069 1226 4128 ὀ
1246 4067 1394 4140 ἐκλεκτὸς,
1411 4070 1428 4131 ό
1445 4067 1520 4145 ἐξαί-

472 4189 564 4241 ρετος,
576 4163 592 4227 ὁ
602 4170 715 4244 πρῶτος
723 4173 781 4230 τῶν
789 4172 929 4246 μαθητῶν
940 4168 1037 4245 (conf.
1052 4167 1082 4230 S.
1094 4168 1176 4231 Mat.
1188 4191 1218 4230 x.
1232 4171 1288 4249 2.)‚
1298 4170 1372 4250 ὑπὲρ
1384 4170 1419 4233 οὗ
1429 4166 1519 4249 μόνον

474 4267 521 4329 καὶ
536 4268 642 4329 ἑαυτοῦ
656 4266 709 4330 τὸν
724 4268 818 4348 φόρον
838 4268 854 4331 ὁ
871 4267 975 4348 Σωτὴρ
991 4271 1115 4346 έκτελεῖ,
1134 4272 1189 4332 διο.
1205 4293 1235 4354 p.
1245 4287 1298 4353 57.
1317 4270 1366 4334 ed.
1385 4270 1518 4345 Pottem‘,
