4092 5150
556 438 600 503 32
858 432 1109 512 RELIQUIAE
1128 432 1303 498 SACRAE.

558 596 689 691 δίκαιος
706 611 764 687 καὶ
782 604 1038 705 ἀναστήσεται.
1059 605 1147 709 ὅπερ
1165 612 1195 686 εἰ
1213 611 1271 686 καὶ
1290 602 1421 688 πάντες
1446 608 1479 683 οἰ
1505 605 1604 682 ἐκπε-

558 741 737 826 πτωκίπες
750 742 1003 841 πεποιήκεσαν,
1015 740 1242 842 τελεωτάτην
1253 743 1311 821 καί
1323 737 1535 842 ὁλοκιὶρδιον
1544 769 1602 835 με·

558 882 702 960 τανοίαιι
718 878 934 984 ἐνεδείξαντο
954 879 1030 975 (eor.
1043 878 1232 977 ρετανοίαν
1251 874 1296 955 ιίν
1313 875 1562 980 ἐνεδείξαντο).

950 1093 1132 1170 ΚΑΝΩΝ
1161 1095 1210 1169 Θ.

617 1249 689 1325 Καὶ
706 1250 780 1327 τοῖς
798 1241 837 1322 δὲ
856 1245 904 1328 ὡς
923 1241 967 1323 ἂν
985 1243 1031 1350 ἐξ
1047 1245 1159 1324 ὕπνου
1186 1243 1322 1326 ἑαυτοῖς
1343 1241 1629 1342 παρατιηδῶσινς

559 1387 607 1466 εἰς
621 1380 684 1461 τὸν
697 1383 831 1482 ἀγῶνα,
840 1382 1012 1460 ὠδίνοντα
1026 1383 1084 1460 καί
1100 1378 1287 1478 με’λλοντα
1298 1375 1460 1472 ἑλκύσαι,
1472 1376 1606 1457 ἑαυτοῖς

560 1514 812 1620 δέπειρασμδν
823 1515 1129 1615 ἐπισπασαμένων
1141 1514 1430 1618 θαλαττομαχιίιις
1445 1513 1504 1592 καί
1515 1521 1607 1590 πολ-

560 1658 628 1751 λῆς
639 1650 886 1749 κυματώσεως,
900 1658 1045 1750 μᾶλλον
1056 1648 1094 1730 δέ
1105 1654 1164 1730 καί
1176 1657 1248 1734 τοῖς
1263 1652 1433 1755 ἀδελφοῖς
1443 1680 1603 1749 προσεκ-

560 1788 722 1868 καίουσιν
733 1787 911 1889 ἄνθρακας
922 1789 1156 1889 ἁμαρτωλῶν·
1171 1788 1230 1864 καί
1240 1786 1358 1868 αι’ντοίς
1369 1787 1606 1884 κοινωνητέον,

560 1922 621 2003 ἅτε
640 1920 684 2021 δὴ
703 1924 740 2001 ἐν
757 1917 904 2020 ὀνόματι
916 1925 1081 2023 Χριστοῦ
1099 1918 1373 2025 παρερχομένοις
1387 1924 1436 2003 εἰς
1449 1927 1567 2017 τοῦτο,
1580 1924 1608 2001 εἰ
1621 1949 1714 1995 m

561 2059 619 2137 καί
634 2054 684 2156 μὴ
709 2055 953 2159 προσέχουσιν
981 2055 1089 2134 αι’ντοῦ
1116 2061 1189 2139 τοῖς
1216 2051 1338 2155 λόγοις
1366 2051 1608 2151 διδάσκοντος,

561 2191 846 2294 ’προσεύχεσθαι
864 2188 914 2287 μὴ
933 2194 1106 2269 εἰσελθεῖν
1125 2195 1173 2272 εἰς
1190 2186 1402 2292 πειρασμὸν,
1421 2192 1480 2268 καί
1497 2187 1609 2269 πάλιν

562 2329 600 2406 ἐν
618 2329 704 2430 εὐχῇ
723 2325 841 2426 λέγειν
858 2330 910 2430 τῷ
927 2327 1047 2426 πατρί,
1063 2321 1158 2403 1’Καί
1176 2321 1225 2422 μὴ
1240 2325 1439 2430 εἰσενέγκῃς
1453 2324 1547 2424 ἡμᾶς
1563 2331 1609 2407 εἰς

562 2458 774 2564 πειρασμίιν,
793 2458 894 2538 ἀλλὰ
910 2461 1020 2562 ῥῦσαι
1038 2459 1129 2558 ἡμᾶς
1148 2457 1220 2539 ἀπὸ
1238 2467 1302 2539 τοῦ
1319 2466 1487 2561 πονηροῦ·
1522 2457 1609 2541 ἴσως

565 2593 677 2675 δὲκαὶ
694 2598 868 2697 ἀγνοοῦσι
885 2592 949 2679 τοίς
966 2593 1146 2678 πολλάκις
1163 2594 1349 2696 γινομένας
1367 2590 1610 2699 ἀναχωρήσεις

565 2738 629 2811 τοῦ
648 2728 901 2810 οἰκοδεσπότου
917 2734 976 2809 καί
993 2729 1216 2811 διδασκάλου
1234 2730 1334 2830 ἡμῶν
1352 2730 1424 2811 ἀπὸ
1447 2737 1521 2811 τῶν
1549 2737 1606 2812 θε·
1622 2746 1707 2801 5⁵

566 2865 706 2946 λόντων
723 2865 975 2961 ἐπιβουλεύειν,
993 2869 1050 2945 καί
1070 2864 1125 2945 ὅτι
1143 2866 1218 2945 ἐσίί
1247 2864 1305 2945 ὅτε
1325 2862 1403 2945 οὑδέ
1428 2866 1612 2973 παρῤησίᾳ

958 2999 969 3027 ι

566 2998 766 3104 περιεπάτει
793 3003 835 3081 δι’
866 3001 1001 3096 αὐτους,
1025 3002 1082 3080 καί
1101 3000 1165 3099 ὅτι,
1191 3006 1248 3081 καί
1276 3000 1333 3079 ὅτε
1357 3001 1377 3078 ὃ
1405 3002 1525 3105 καιρὸς
1549 3009 1611 3083 τοῦ

567 3208 685 3286 quidem
699 3210 723 3267 si
738 3232 838 3269 omnes
856 3232 972 3289 quoque
989 3212 1062 3291 lupsi
1113 3213 1383 3272 oommuniosndum
1400 3224 1454 3280 est,
1466 3224 1500 3273 ut
1514 3215 1565 3292 qui
1581 3215 1611 3273 iu

568 3290 714 3356 fecissent,
750 3292 998 3370 perfectissimam,
1033 3303 1063 3351 et
1114 3294 1231 3352 nomino
1246 3293 1356 3353 Christi
1371 3297 1407 3359 nd
1424 3296 1454 3355 id
1475 3295 1611 3356 venient:

567 3379 632 3427 toto
646 3370 732 3429 corde
746 3384 908 3451 susceptum
918 3374 1064 3452 poeniten-
1114 3374 1169 3431 etsi
1183 3376 1271 3432 verba
1284 3376 1348 3453 ejus
1363 3398 1422 3437 non
1433 3376 1612 3437 snimsdrer·
1624 3389 1686 3441 ιο

568 3433 638 3508 tism
653 3451 856 3511 ostendissent.
1115 3465 1193 3521 tunt,
1208 3455 1258 3531 qui
1279 3455 1365 3516 dooet
1385 3477 1478 3528 orare,
1498 3468 1534 3516 ut
1555 3476 1614 3516 non

1116 3534 1258 3594 intremus
1283 3537 1313 3594 in
1337 3541 1529 3599 tentationem
1541 3560 1551 3609 ;
1583 3547 1613 3595 et

700 3595 853 3655 CANON
875 3597 931 3655 IX·
1118 3615 1198 3672 Patri
1210 3637 1310 3675 rursus
1319 3619 1349 3675 in
1359 3616 1613 3679 orationodioere:

610 3692 652 3750 Iis
664 3713 781 3770 quoque
795 3695 845 3770 qui
860 3707 1006 3772 tamquam
1023 3717 1066 3756 ex
1119 3698 1155 3753 Er
1171 3718 1205 3754 ne
1225 3718 1275 3755 nos
1293 3698 1414 3758 inducor
1434 3700 1463 3759 ι’τι
1481 3698 1614 3758 tentatio·

568 3792 670 3831 somno
688 3774 725 3832 ud
744 3785 900 3842 certamen,
916 3777 994 3854 quod
1015 3779 1066 3836 ad·
1117 3798 1189 3842 ιιιιιι,
1214 3778 1267 3836 sed
1294 3778 1384 3839 libero
1413 3801 1464 3839 rros
1488 3800 1507 3838 ιι
1531 3772 1692 3839 maloaS

499 3875 503 3883 ·
567 3852 626 3911 huo
653 3855 788 3932 parturit,
817 3856 940 3915 neodum
970 3859 1067 3937 erupit
1119 3856 1253 3916 Fortasse
1268 3870 1364 3917 autern
1380 3860 1467 3919 etism
1480 3860 1617 3938 ignor-sut

568 3944 677 4012 operte,
688 3935 843 4012 prosiliunt
849 3958 858 4005 ;
873 3938 923 4014 qui
933 3937 987 3996 sibi
997 3939 1068 4017 ipsis
1117 3950 1247 3996 nostrum
1257 3950 1367 4017 putrem
1378 3940 1503 3999 familias
1512 3950 1544 3999 et
1554 3939 1615 3999 Do·

569 4014 760 4073 tentationem
796 4028 956 4082 accersunt,
992 4030 1066 4077 tenr-
1119 4019 1229 4076 minum
1253 4032 1383 4078 nostrum
1407 4042 1483 4099 supe
1507 4022 1544 4080 sb
1572 4022 1616 4088 iis,

569 4104 769 4172 pestatemque
783 4108 813 4155 et
828 4096 1001 4165 fluctus,vel
1016 4119 1067 4177 po.
1119 4099 1168 4173 qui
1190 4099 1233 4156 illi
1256 4099 1384 4159 insidiari
1406 4101 1553 4172 volebant,
1573 4122 1617 4161 se-

569 4173 630 4231 tius
644 4174 783 4233 frutribus
797 4178 935 4236 osrbones
949 4199 1068 4256 pecoun·
1118 4180 1254 4249 cessisse3
1281 4190 1311 4237 et
1332 4181 1507 4260 quandoque
1527 4183 1616 4242 etiam
1626 4203 1658 4260 3
1671 4182 1714 4223 0

569 4253 643 4311 tium
659 4254 840 4315 sooendunt:
867 4258 937 4336 ipsis
951 4279 1067 4336 quoque
1118 4257 1208 4318 libere
1219 4260 1296 4336 opud
1308 4281 1357 4319 eos
1366 4282 1423 4320 non
1436 4263 1615 4323 ambulabat:

766 4397 775 4419 ¹
794 4387 870 4437 Maru.
886 4389 935 4436 xiv.
947 4390 987 4449 38.
1234 4392 1247 4429 b
1266 4390 1327 4439 Mat
1341 4391 1372 4438 vi.
1386 4406 1423 4452 ¹3·
