4092 5150
557 407 600 471 re
771 389 773 393 ’
893 372 1271 465 ΑΝΝοΤᾹΤιοΝΕε

557 569 636 632 sitas
654 590 733 652 opus
753 590 853 651 nuper
867 569 981 632 edente
1005 569 1036 630 in
1054 570 1160 631 'l‘omo
1175 590 1227 630 vu.
1246 567 1431 630 Collectionc's
1450 589 1515 631 suae
1543 568 1601 631 Vei.

556 671 746 754 Scriptorum
756 690 864 754 {2¹34
875 678 1002 733 constat
1013 669 1283 733 Leontiumverba
1293 668 1472 753 posteriora
1482 668 1515 731 in
1524 668 1602 732 libro

555 771 701 836 attulisse
721 794 787 843 suc,
807 771 923 850 Πέτρου
940 770 1085 850 μάρτυρος
1099 770 1184 833 σάτα
1196 768 1410 850 Ἀλεξσνὸρίος
1424 772 1459 832 ἐν
1476 773 1516 853 τῷ
1538 773 1603 849 περὶ

555 880 605 953 τῆς
617 876 901 953 ἐνδημίοςΧριστοῦ.
915 874 960 935 Τὸ
966 875 1192 952 συναμφότερον
1202 873 1301 935 τοίνυν
1310 873 1518 946 &elementia
1527 872 1604 938 Θεὸς

555 975 592 1054 ἦν
620 977 721 1055 φύσει,
746 975 793 1037 καὶ
818 975 945 1055 γέγονεν
976 975 1130 1052 ἄνθρωπος
1160 974 1263 1052 φύσει.
1318 972 1360 1033 In
1389 971 1503 1034 emlcm
1531 991 1602 1034 vero

556 1077 690 1161 egregiae
705 1075 906 1141 Collectionis
929 1075 1086 1138 volumine
1102 1073 1183 1158 Imp.
1199 1074 1219 1136 J
1222 1073 1399 1138 ustinianus
1418 1072 1449 1135 in
1465 1072 1604 1156 Epsidolo

557 1200 615 1242 sua
629 1188 733 1242 contra
746 1177 972 1263 Monopdpsitas
986 1199 1006 1239 a
1023 1177 1112 1240 Maio
1126 1176 1261 1260 primum
1276 1175 1364 1239 edita
1374 1175 1406 1238 S.
1420 1175 1510 1239 Petri
1518 1177 1604 1255 ῥῆσιν

557 1289 631 1365 pest
646 1303 752 1343 vocem
767 1279 1052 1360 rapaddc'afl'erens
1067 1282 1103 1341 τὰ
1113 1279 1324 1356 συναμφότερα
1334 1298 1394 1360 pro
1404 1277 1438 1338 τὸ
1447 1278 1602 1356 συναμφό-

557 1408 644 1462 τερον
659 1391 691 1445 et
707 1381 804 1444 πάντα
820 1384 877 1444 ὅσα
893 1404 950 1464 pro
966 1383 1064 1444 πάντα
1078 1380 1232 1442 invenisse
1247 1378 1380 1443 videtur.
1397 1400 1470 1462 pag.
1483 1397 1556 1462 307.

602 1485 638 1546 P.
649 1487 699 1561 48.
717 1484 737 1546 l.
758 1503 807 1564 17.
832 1486 885 1546 Εν
900 1485 1009 1545 Primo
1024 1484 1060 1545 de
1081 1483 1197 1545 Anima
1217 1481 1371 1556 Sammo]
1419 1479 1496 1543 Duo
1517 1480 1603 1544 istaec

557 1586 753 1669 Fragmenta
775 1587 880 1670 operis
903 1586 934 1649 S.
947 1585 1048 1659 Petri,
1072 1584 1158 1668 quod
1179 1583 1319 1666 appellat
1335 1583 1386 1645 Dc
1399 1582 1521 1646 Anima
1536 1584 1603 1644 Scr-

555 1709 667 1750 moncm
690 1688 865 1771 Procopius
887 1688 1020 1750 Guzaeus
1043 1686 1075 1748 in
1100 1687 1256 1748 Concuteret.
1280 1686 1315 1746 iu
1339 1684 1468 1747 (ἕνωσίν
1489 1705 1558 1768 cap.
1574 1703 1602 1766 3.

557 1789 647 1852 nobis
665 1789 801 1852 servavit
819 1792 897 1872 Imp.
913 1788 1089 1851 Just-inieci
1104 1787 1148 1849 ad
1161 1788 1307 1849 Merinum
1320 1785 1473 1870 Epistom
1487 1785 1521 1849 iu
1544 1807 1603 1869 qua

557 1892 683 1975 quidem
707 1891 840 1976 epistola
866 1891 1076 1974 Origeuianus
1101 1890 1141 1953 de
1166 1888 1403 1973 praeexistentia
1427 1888 1603 1952 animarum

557 1994 717 2056 refutatur
733 2015 830 2055 error.
874 1991 975 2068 Ῥῆσις
995 2000 1103 2054 autem
1125 1991 1223 2074 prior,
1245 2012 1315 2053 cum
1338 1989 1429 2053 initio
1451 1999 1521 2054 tum
1544 1988 1604 2053 fine

556 2103 661 2168 aucta,
683 2094 714 2156 in
732 2094 857 2157 Leontii
878 2093 1045 2175 Byzantini
1066 2094 1230 2154 Sacrorum
1249 2091 1331 2154 libro
1351 2091 1489 2154 secundo
1504 2099 1602 2166 extat,

557 2197 646 2279 cujus
661 2196 782 2269 titulus,
800 2219 864 2270 seu,
881 2218 954 2279 pars
975 2197 1087 2279 prima,
1103 2218 1122 2257 a
1137 2194 1193 2257 cel.
1212 2194 1301 2257 Maio
1315 2193 1347 2256 iu
1367 2193 1478 2256 eodem
1494 2215 1602 2277 supra-

557 2297 651 2361 dictae
678 2296 880 2361 Collectionis
907 2297 1062 2359 volumine
1087 2319 1104 2358 e
1129 2296 1220 2359 codd.
1245 2293 1412 2358 Vaticanis
1435 2294 1523 2357 edita
1546 2301 1603 2358 est.

557 2422 586 2482 p.
601 2418 642 2479 74
656 2402 711 2462 &c
735 2401 852 2462 Confer
864 2422 934 2483 pag.
947 2401 995 2482 85.
1025 2399 1167 2461 Eandem
1180 2419 1254 2461 vero
1265 2394 1353 2459 Petri
1365 2398 1451 2475 ῥῆσιν
1461 2395 1605 2458 similiter

556 2507 684 2562 auctam
713 2506 809 2561 antea
839 2499 978 2561 videram
1007 2498 1039 2561 in
1070 2498 1208 2561 editione
1235 2497 1380 2559 Romana
1406 2496 1439 2558 S.
1461 2497 1606 2581 Dionysii

557 2599 675 2662 Aleae
698 2600 805 2662 codice
821 2599 980 2662 Vaticano
1000 2621 1085 2662 num.
1101 2621 1120 2682 5
1124 2620 1174 2683 53.
1191 2600 1389 2683 productam,
1406 2599 1497 2683 eujus
1515 2599 1605 2662 initio
1655 2615 1688 2638 ⁴·

556 2722 648 2763 voces
671 2706 721 2762 τοῦ
745 2706 827 2763 Θεοῦ
849 2706 980 2781 Χριστοῦ
1006 2724 1064 2785 pro
1088 2701 1148 2763 illis
1174 2708 1226 2764 τοῦ
1251 2699 1398 2780 δευτέρου,
1422 2701 1476 2763 sed
1503 2700 1605 2762 minus
1647 2706 1691 2744 ²

557 2801 873 2883 bene‚p0sitaesunt.
965 2856 968 2862 .

601 2900 639 2960 P.
655 2917 707 2982 50.
731 2900 751 2961 l.
777 2921 824 2984 13.
851 2901 1042 2962 Tunicarum
1065 2908 1259 2963 scortearum
1282 2902 1479 2985 aliarumque
1501 2907 1710 2969 renim‘j,

557 3001 753 3083 quarundam
777 3002 809 3063 in
834 3002 987 3064 Paradiso
1012 3002 1081 3083 dre]
1138 3002 1216 3080 Quae
1241 3001 1292 3064 hic
1315 3009 1512 3067 memoratur
1532 3003 1605 3067 alle
1633 3020 1698 3043 κ

555 3101 664 3183 gorica
689 3102 922 3185 interpretatio,
940 3103 1065 3166 tunicas
1087 3103 1120 3164 iu
1143 3103 1292 3187 paradiso
1307 3103 1452 3187 pelliceas
1472 3108 1700 3188 corpora)

556 3202 734 3285 significare
765 3204 925 3266 hominum
955 3205 1100 3268 docebat.
1146 3206 1207 3285 Qui
1237 3206 1320 3268 enim
1350 3205 1456 3268 omnia
1487 3205 1542 3269 ille
1567 3207 1701 3269 dee

555 3303 665 3386 primis
680 3304 807 3367 humani
822 3307 946 3388 generis
961 3308 1147 3390 parentibus
1162 3330 1182 3369 ο
1197 3307 1291 3370 Mose
1306 3307 1428 3369 tradita
1444 3307 1547 3370 trahit
1564 3308 1604 3370 ad
1641 3286 1697 3358 1

556 3405 723 3488 mysticam
753 3407 907 3470 rationem
939 3409 1101 3492 Origenes,
1133 3408 1159 3472 is
1188 3409 1304 3472 litteris
1332 3409 1496 3472 mandavit
1525 3409 1606 3473 hanc
1624 3410 1698 3456 ἒ

557 3506 748 3583 tunicarum,
775 3531 843 3591 quae
866 3510 999 3593 antiqua
1021 3511 1093 3585 suit,
1116 3511 1352 3594 expositionem.
1399 3510 1450 3572 De
1477 3509 1527 3572 his
1553 3532 1606 3574 au·
1628 3524 1698 3550 Ι

557 3615 622 3670 tem
647 3607 742 3670 rebus
766 3610 911 3672 consulas
935 3612 1150 3674 doctissimum
1177 3611 1331 3675 Huetium
1354 3611 1388 3674 in
1413 3612 1694 3695 Oripmianed

557 3707 609 3771 lib.
633 3709 665 3771 ii.
685 3719 798 3792 quaest.
815 3712 867 3773 xii.
889 3713 918 3793 ξ.
937 3730 964 3794 7.
988 3737 1018 3797 p.
1037 3732 1108 3797 237.
1156 3714 1295 3776 Tantum
1313 3714 1442 3789 notabo,
1463 3714 1689 3779 similiter‘

557 3809 802 3893 interpretatum
826 3812 1059 3876 Tertullianum
1082 3814 1179 3876 fuisse
1198 3814 1221 3875 J
1223 3814 1313 3876 acobi
1335 3814 1375 3876 de
1390 3813 1520 3879 Christe
1535 3837 1605 3900 pro·

557 3910 707 3993 phetiam‚
732 3914 866 3976 Lacabit
889 3917 922 3977 in
944 3917 1013 3977 cino
1034 3916 1140 3979 stolum
1161 3938 1248 3979 scam
1270 3926 1297 3979 ct
1319 3917 1352 3979 in
1374 3917 1521 4001 εοορνίτιο
1543 3935 1648 3980 coc*

557 4012 701 4074 coricium
721 4035 817 4089 eutem,
835 4016 865 4077 in
882 4018 934 4081 lib.
953 4019 992 4080 iv.
1018 4020 1089 4081 ado.
1111 4020 1265 4083 Marcion.
1282 4040 1308 4081 c.
1325 4039 1376 4098 40.
1394 4018 1543 4095 Lavabit,
1564 4020 1607 4083 in-

558 4112 637 4194 quit,
653 4113 686 4174 iu
707 4115 777 4176 vino
799 4119 854 4180 dte.
876 4119 983 4181 stolum
1001 4130 1027 4182 et
1047 4120 1190 4181 sinicium
1210 4142 1332 4182 curnem
1352 4120 1568 4197 demonstrans,
1582 4132 1614 4183 e!

558 4214 661 4275 mcum
682 4217 867 4299 εοορτοὶονιο.
912 4221 1060 4284 Ceterum
1081 4221 1184 4283 obiter
1207 4221 1398 4284 monendum
1415 4229 1474 4300 est,
1493 4226 1608 4287 Proco-

557 4314 686 4397 pianum
703 4318 968 4398 Commodianum,
992 4323 1074 4385 unde
1098 4323 1164 4386 haec
1187 4323 1219 4385 in
1242 4331 1367 4386 textum
1390 4324 1555 4411 descripsi,
1573 4328 1606 4389 iu
