4092 5150
578 427 622 494 98
915 421 1295 487 ANNOTATIONES

624 592 661 654 P.
673 591 725 671 87.
740 589 760 653 Ι.
777 609 823 654 11.
843 589 897 653 τὸν
912 588 957 653 ἐπ’
974 589 1116 674 είνσεβεία
1130 587 1273 672 θάνατον]
1291 590 1365 669 ὑπὲρ
1384 586 1544 664 εὐσεβείας
1558 585 1628 648 MS.

580 691 719 776 Norfole.
734 702 855 756 morsm
863 713 925 776 ρνο
936 691 1052 775 pietate
1067 697 1129 754 vet.
1147 689 1312 775 Interpres
1331 690 1473 772 Rufinus.
1488 685 1534 751 ἐπ’
1552 687 1630 751 εὗσε-

581 796 668 872 βείας
694 794 771 857 Me.
797 794 887 858 Βοιίί.
932 793 1026 857 Nune
1045 793 1118 856 huie
1142 793 1305 857 Burtonus
1324 790 1415 856 addit
1437 789 1524 854 Mod.
1549 789 1630 852 Μαι.

583 904 616 959 et
633 896 666 957 F
664 895 741 958 eket.

629 996 711 1060 ibid.
726 996 747 1059 l.
764 1015 809 1080 15.
825 997 860 1058 οὐ
875 1000 933 1077 γὰρ
949 997 1106 1078 ἁρπαγμὸν
1120 997 1193 1081 dte]
1212 995 1336 1060 Videsis
1351 1015 1422 1080 quae
1437 1000 1515 1059 ante
1525 991 1634 1078 scripsi

585 1100 626 1162 ad
643 1098 821 1183 Epistoiam
838 1100 952 1161 νικος.
968 1106 1002 1163 et
1019 1098 1281 1177 Leononassron,
1294 1100 1324 1181 δ.
1341 1115 1387 1180 17.
1401 1096 1462 1161 vol.
1474 1097 1503 1160 1.
1520 1117 1553 1178 p.
1563 1098 1634 1182 364.

631 1203 669 1264 Ρ.
687 1204 736 1265 88.
762 1201 782 1265 1.
800 1223 830 1280 4.
857 1204 1044 1280 ζηλώσαντες
1066 1204 1103 1264 τὰ
1128 1204 1248 1281 μείζονα
1273 1201 1456 1284 χαρίσματα]
1485 1197 1633 1283 Apostoli

584 1304 681 1367 verba
697 1310 781 1377 sunt,
799 1309 932 1382 Ζηλοῦτε
948 1306 980 1367 δέ
995 1306 1033 1367 τὰ
1047 1305 1218 1386 χαρίσματα
1237 1306 1275 1367 τὰ
1292 1304 1455 1384 κρείττονα.
1470 1301 1534 1386 Ep.
1556 1321 1580 1365 1.
1595 1300 1637 1364 od

588 1407 655 1469 θον.
671 1428 739 1489 oap.
753 1404 816 1468 xiii.
833 1426 1009 1490 oomm.31.
1612 1391 1622 1415 ⁸

631 1507 714 1570 Ibid.
730 1509 759 1569 οί
779 1510 982 1587 Χριστοφόροι
1000 1506 1158 1591 μάρτυρες]
1181 1505 1222 1570 Id
1237 1513 1287 1571 est
1300 1505 1429 1571 Christo
1444 1504 1541 1593 pleni.
1584 1505 1633 1570 Sic

585 1609 732 1695 Ignatius
747 1609 966 1673 Antiochenus
986 1610 1153 1696 episeopus
1172 1609 1277 1674 dietus
1299 1616 1349 1674 est
1363 1611 1520 1691 θεοφόρος,
1536 1608 1633 1674 idest

585 1714 655 1778 Deo
669 1713 788 1798 plenus.
813 1712 975 1776 Vaassrns.

631 1814 714 1877 Ibid.
738 1812 757 1876 Ι.
779 1817 809 1876 6.
836 1813 929 1897 τινὲς]
962 1815 1016 1877 Ad
1046 1814 1117 1878 odit.
1147 1815 1253 1878 Getae.
1279 1835 1369 1878 oram
1398 1821 1549 1879 notatum
1574 1824 1631 1890 est,

587 1923 608 1954 “
624 1914 930 1998 Christophorsonus
945 1916 1030 1980 delet
1045 1918 1153 1982 τινές.”
1165 1918 1209 1982 δίς
1220 1937 1278 1999 pro
1289 1918 1426 1998 δεύτερον
1434 1917 1634 2002 Νίοορδοτιις.

631 2016 714 2079 lbid.
730 2016 749 2079 1.
767 2037 813 2079 11.
831 2016 940 2103 ἑκάστῃ
951 2018 1093 2105 βασάνῳ]
1108 2016 1221 2101 ἑκάστῳ
1233 2025 1266 2096 β.
1277 2019 1350 2082 MS.
1359 2018 1451 2083 Bodl.
1461 2019 1633 2106 etNicepd.

587 2119 690 2181 Addit
705 2117 868 2181 Burtonus
882 2118 966 2182 codd.
983 2118 1068 2183 Mod.
1083 2120 1171 2183 Mos.
1186 2119 1296 2183 Foko.
1312 2120 1451 2203 Norfelo.

632 2220 715 2283 ibid.
730 2219 749 2283 l.
768 2241 817 2305 13.
831 2220 985 2307 ἐπαίοντο]
1002 2222 1107 2284 ἔπαιον
1120 2221 1168 2284 od.
1181 2220 1282 2305 δ’ίορίι.
1298 2229 1332 2286 et
1344 2222 1543 2307 Nicophanes,
1554 2223 1637 2308 quod

587 2323 731 2386 Valesius
751 2323 899 2387 mutabat
917 2345 989 2386 oum
1010 2325 1160 2398 ἐπαίοντο,
1176 2323 1224 2387 vel
1241 2346 1281 2387 ex
1301 2325 1424 2409 οοτίρίίς
1441 2326 1515 2404 aad,
1532 2327 1580 2391 vel
1597 2349 1638 2389 ex

587 2427 707 2508 Rufino,
735 2425 790 2509 qui
815 2426 922 2503 habet,
946 2424 1189 2501 verberabantur,
1217 2434 1304 2490 oerte
1328 2427 1540 2494 confirmante
1565 2430 1637 2493 Ma.

589 2527 679 2592 Βοιίί.
702 2527 763 2592 Sed
778 2529 855 2594 MS.
867 2528 1006 2614 Nersola.
1020 2529 1169 2593 mendose
1179 2530 1312 2593 ἔπαυον.
1336 2530 1418 2594 Haeo
1429 2530 1504 2594 olim
1516 2532 1636 2618 seripsi.

589 2631 681 2694 Nune
702 2639 840 2706 constat,
857 2631 1014 2696 referente
1035 2631 1190 2709 Burton0‚
1210 2631 1354 2695 extitisse
1373 2631 1407 2695 in
1422 2632 1540 2697 Velesii
1556 2635 1639 2699 oedi-

588 2734 677 2797 oibus
691 2733 777 2796 Mod.
794 2735 882 2797 Μαα.
900 2742 934 2797 et
944 2734 1052 2797 Fuso.
1064 2736 1213 2797 ἐπαίοντο.
1244 2735 1307 2798 Sed
1319 2735 1498 2800 Burtonum
1510 2747 1639 2803 secutus

589 2836 694 2899 ἔπαιον
710 2836 861 2913 revocavi,
878 2832 949 2900 enm
965 2845 1096 2921 propter
1109 2836 1183 2913 alia,
1198 2844 1267 2900 tum
1278 2838 1353 2921 quia
1366 2840 1464 2903 verba
1474 2840 1530 2905 illa
1546 2843 1640 2924 ἕτεροι

591 2941 622 3002 δέ
638 2938 731 3002 πόλιν
746 2941 857 3017 ίμασιν,
874 2940 934 3002 hoo
953 2939 1075 3003 facinus
1092 2960 1198 3003 νιιντιις
1212 2945 1375 3023 patratum
1390 2962 1471 3018 esse,
1486 2942 1607 3007 seilioet
1620 2966 1641 3008 a

590 3041 692 3125 vulgo,
710 3040 899 3125 significant.

634 3143 718 3207 Ibid.
735 3144 830 3222 ἐτεροι
845 3143 889 3227 δέ]
905 3145 935 3207 οἶ
948 3148 981 3206 δέ
997 3143 1124 3228 Νίοορί.
1158 3145 1239 3206 Mox
1254 3145 1339 3228 apud
1354 3145 1441 3209 ομαιί.
1457 3147 1550 3212 deest
1565 3146 1640 3212 illud

591 3247 644 3324 τὴν
660 3248 694 3309 ἐν
708 3245 779 3323 αὐτῇ
796 3245 850 3307 lin.
866 3248 914 3306 16.

636 3348 717 3412 Ibid.
734 3348 829 3428 ἐτεροι
844 3349 876 3409 δὲ
891 3347 1028 3431 ῥάβδοις]
1050 3346 1167 3432 Virgae
1181 3347 1250 3411 illas
1265 3347 1377 3432 quibus
1391 3349 1558 3434 Martyres
1568 3352 1642 3415 eaesi

590 3459 665 3515 sunt
688 3450 938 3525 Alexandriae,e
960 3448 1041 3512 citro
1056 3458 1090 3513 et
1111 3450 1194 3513 melo
1217 3451 1331 3535 puniea
1350 3451 1446 3515 fuisse
1466 3452 1562 3517 docet
1583 3454 1642 3538 Sy·

588 3575 681 3616 meon
700 3551 942 3636 Metaphrastes
963 3551 996 3613 in
1019 3551 1113 3615 Aetia
1129 3551 1227 3615 MSS.
1253 3553 1371 3617 Phiieae
1390 3576 1429 3618 ao
1453 3555 1640 3620 Philoromi.

592 3655 643 3720 Sic
659 3654 741 3719 enim
757 3654 804 3718 ait
820 3655 859 3717 de
878 3654 1077 3716 philoromo:
1100 3652 1178 3717 ταῦτ’
1195 3655 1254 3735 ἔφη
1268 3658 1333 3719 ἐπεὶ
1347 3656 1447 3737 λέγων
1461 3660 1645 3739 θρασύνεται

591 3762 652 3822 τοῖς
667 3757 779 3835 δημίοις
794 3758 809 3817 ὁ
825 3755 965 3836 ἔπαρχος,
980 3754 1104 3835 ῥάβδοις
1117 3756 1195 3835 ῥοῶν
1215 3756 1262 3817 καὶ
1283 3758 1398 3836 κιτρίων
1416 3755 1575 3838 τέτταρσιν
1589 3784 1643 3823 πε·

592 3859 753 3937 παρμένοις
770 3860 803 3919 ἐν
818 3860 856 3937 γῇ
872 3856 987 3933 πίλοις,
1003 3862 1107 3938 χεῖρας
1125 3857 1172 3918 καὶ
1193 3858 1286 3922 πόδας
1306 3857 1395 3920 αὐτοῦ
1416 3856 1647 3938 ἐξαρτήσαντες,

592 3959 645 4021 τὸν
661 3965 754 4021 νῶτον
775 3961 945 4036 μαστίξατε.
993 3961 1103 4043 Atque
1124 3958 1186 4021 hue
1208 3959 1366 4043 pertinere
1389 3960 1536 4025 existimo
1561 3964 1649 4046 quod

592 4066 685 4122 notat
709 4060 801 4122 Philo
823 4060 855 4122 in
878 4061 1022 4124 oratione
1045 4062 1196 4124 adversus
1220 4062 1381 4139 Flaoourn,
1395 4062 1568 4149 flagrorum
1584 4065 1650 4130 dis-

593 4160 711 4224 orimen
734 4161 829 4226 fuisse
853 4163 1071 4239 Alexandriae‚
1087 4185 1146 4247 pro
1168 4164 1346 4228 conditione
1361 4188 1399 4229 ao
1418 4165 1578 4251 dignitate
1597 4190 1646 4233 re

594 4283 684 4325 orum
699 4264 752 4348 qui
768 4266 974 4329 caederentur.
1012 4264 1096 4328 Aliis
1111 4266 1193 4328 enim
1209 4266 1316 4352 flagris
1331 4275 1365 4331 et
1378 4290 1436 4352 per
1450 4267 1530 4332 alios
1546 4271 1650 4336 oaede-

594 4365 712 4429 bantur
734 4367 889 4453 AEgjptii
906 4367 976 4432 aliis
996 4368 1106 4432 ineolae
1127 4369 1266 4434 civitatis
1290 4370 1526 4436 Alexandrinae.
1564 4372 1652 4438 Nam
