4092 5150
471 431 537 493 ³44
706 430 736 490 S.
761 428 1005 492 PAMPHILI
1031 428 1293 495 MARTYRIS

474 610 496 639 “
512 600 571 663 hoo
592 599 761 663 dicendum
783 599 910 683 quidem
931 606 992 678 est,
1015 601 1072 664 sed
1093 622 1156 665 non
1180 622 1254 665 oum
1278 600 1366 665 omni
1388 602 1514 667 affirma·

475 720 495 746 “
509 711 606 776 tione.
652 709 725 772 Hoe
745 708 828 772 enim
847 716 904 774 aut
927 710 1087 775 temerarii
1102 710 1240 775 bominis
1255 722 1316 788 eet,
1333 719 1368 776 et
1382 713 1449 797 ejus
1467 712 1514 797 qui

475 831 495 859 ‘⁴
512 842 638 886 sensum
664 819 811 884 bumanae
834 819 1028 884 infirmitatis
1053 820 1239 904 perdiderit,
1266 820 1448 907 oblitusque
1471 823 1515 886 sui

475 942 495 968 “
511 933 571 996 sit:
595 940 653 996 eut
676 939 762 995 oerte
786 930 998 1015 perlectorum
1021 931 1160 994 virorum
1182 939 1217 995 et
1240 952 1354 995 eorum
1376 933 1430 1017 qui
1451 954 1516 997 oon-

476 1052 498 1082 “
514 1043 650 1106 fidenter
664 1063 699 1106 se
721 1041 823 1104 sciant
842 1040 969 1126 abipso
984 1040 1121 1104 Domino
1141 1042 1165 1104 J
1167 1062 1223 1105 esu
1239 1042 1403 1121 didioisse,
1417 1044 1449 1107 id
1461 1050 1516 1119 est,

474 1159 494 1188 ‘¹
510 1173 532 1216 a
548 1149 657 1214 Verbo
677 1149 831 1226 veritatis,
848 1157 882 1213 et
895 1149 938 1213 ab
959 1148 1029 1233 ipsa
1048 1148 1213 1234 Sapientia
1228 1172 1287 1235 per
1306 1172 1406 1235 quom
1420 1153 1516 1217 omnia

474 1269 495 1300 “
510 1262 597 1326 laeta
621 1268 708 1336 sunt,
734 1260 917 1345 agnovisse:
943 1259 991 1323 vel
1016 1281 1125 1324 eorum
1151 1259 1205 1345 qui
1229 1260 1341 1326 divina
1363 1283 1514 1347 responsi,

476 1378 495 1406 ‘⁶
511 1369 642 1454 ingressi
659 1369 818 1433 turbinem
829 1375 863 1432 et
877 1368 1042 1453 caliginem
1056 1368 1111 1433 ubi
1127 1370 1218 1432 Deus
1232 1369 1302 1454 ipae
1317 1378 1380 1447 est,
1395 1371 1515 1436 eoelitru

474 1489 494 1517 “
511 1489 713 1564 aeoeperunt,
730 1480 762 1543 in
777 1479 862 1564 quod
882 1479 935 1543 vix
955 1478 1007 1543 ille
1022 1481 1153 1564 Moyses
1168 1479 1334 1565 ingressus
1348 1482 1397 1545 rel
1411 1481 1516 1547 intelli·

476 1600 495 1628 ‘⁸
509 1613 586 1676 gere
600 1590 679 1655 talia
693 1590 799 1675 potuit
813 1590 862 1653 rel
873 1589 1023 1675 prolerre.
1056 1588 1142 1654 ¹Nos
1157 1611 1233 1654 vero
1243 1613 1304 1676 pro
1313 1592 1429 1657 eosolo
1439 1592 1514 1678 qnod

477 1710 496 1739 ‘⁶
513 1699 749 1765 mmediocriter
763 1701 847 1774 lieet,
859 1700 1015 1764 eredimus
1029 1710 1138 1766 tamen
1152 1700 1295 1766 Domino
1306 1706 1330 1768 J
1332 1726 1398 1780 osu,
1413 1713 1446 1769 et
1455 1704 1514 1789 ejus

475 1819 497 1848 “
510 1811 685 1896 gloriamur
698 1832 766 1874 esse
780 1808 944 1894 disoipuli;
961 1830 1019 1873 nee
1034 1820 1142 1874 tamen
1153 1812 1311 1875 audemus
1323 1812 1429 1877 dioere
1438 1812 1512 1897 quod

476 1930 495 1958 “
510 1921 590 1985 iaoie
615 1921 791 1986 adfaciem
813 1920 946 2006 abipso
971 1920 1126 1985 traditam
1152 1922 1387 2006 susoeperimue
1411 1923 1511 1988 intelli

476 2033 658 2118 “gentiam
679 2054 801 2109 eorum,
826 2053 897 2116 quae
920 2033 954 2095 in
976 2031 1090 2095 divinis
1114 2031 1203 2095 libris
1229 2031 1429 2099 referuntur:
1450 2054 1508 2120 qua

476 2153 496 2180 “
511 2144 638 2228 quidem
658 2152 764 2209 certus
790 2166 860 2208 sum
875 2145 959 2228 quod
980 2164 1021 2208 ne
1042 2143 1110 2229 ipse
1131 2143 1261 2229 quidem
1283 2146 1421 2210 mundus
1437 2158 1507 2230 ¹1pro

475 2263 497 2292 “
514 2254 632 2319 virtute
646 2277 685 2319 ao
698 2253 868 2339 majestate
882 2275 1030 2318 sensuum
1044 2275 1157 2337 oopere
1171 2261 1289 2339 potest.

519 2374 541 2402 “
558 2367 697 2449 Propter
708 2366 793 2450 quod
806 2365 1012 2450 pronuntiare
1028 2365 1154 2450 quidem
1168 2365 1275 2430 dehis
1289 2388 1363 2453 qua
1380 2367 1502 2442 dieimna

476 2483 495 2512 “
511 2476 594 2539 siout
621 2475 770 2561 Apostoli
796 2484 978 2561 potuerunt,
1000 2497 1065 2540 non
1088 2476 1261 2541 audemus:
1295 2477 1331 2542 in
1354 2500 1392 2542 eo
1413 2485 1501 2543 auten

476 2595 495 2623 “
509 2587 633 2672 gratias
656 2588 789 2672 agimus,
816 2588 901 2672 quod
924 2608 996 2651 oum
1020 2586 1113 2652 multi
1135 2586 1330 2671 imperitiam
1353 2611 1440 2654 suam
1462 2608 1499 2651 ne

476 2704 496 2733 “
512 2697 624 2770 sciant,
642 2707 675 2761 et
690 2705 795 2761 motus
810 2719 884 2761 suos
899 2697 1125 2782 incompositos
1143 2705 1176 2760 et
1196 2697 1406 2776 inordinatos,
1421 2700 1496 2762 inter·

475 2814 497 2843 “
512 2807 587 2870 dum
603 2808 700 2872 etiam
716 2819 750 2872 et
765 2809 891 2893 ineptos
904 2816 938 2873 et
952 2809 1121 2885 fabulosos,
1137 2831 1209 2872 eum
1229 2811 1317 2874 omni
1337 2810 1494 2878 intentione

476 2924 497 2953 “
513 2917 596 2981 siout
623 2918 682 2981 sibi
710 2917 866 2994 sidentur,
894 2919 984 3003 quusi
1009 2920 1171 2983 verissima
1197 2922 1375 2985 assertione
1400 2938 1493 2985 annun·

476 3035 497 3064 “
513 3027 605 3105 tient,
622 3050 680 3091 nos
695 3029 735 3091 de
757 3030 851 3092 rebus
873 3030 1006 3114 magnis,
1023 3037 1056 3094 et
1078 3030 1127 3093 his
1149 3053 1219 3115 quse
1243 3054 1342 3116 supra
1360 3054 1414 3095 nos
1431 3032 1491 3099 sunt

476 3145 494 3172 “
511 3138 723 3220 ignorantiam
739 3148 881 3203 nostram
896 3162 959 3204 non
975 3140 1186 3226 ignoramus.''

519 3248 715 3311 Pnnrnnus.
760 3248 839 3312 Oum
855 3272 931 3334 ergo
946 3249 1014 3314 hoeo
1029 3271 1099 3314 eum
1116 3251 1155 3314 de
1170 3273 1204 3314 se
1221 3252 1327 3316 dicere
1345 3252 1488 3317 audiamus

475 3365 508 3421 et
523 3358 740 3441 hujuscemodi
755 3368 861 3425 mente
875 3383 913 3425 ao
929 3369 1004 3426 voto
1019 3384 1090 3447 quae
1106 3362 1182 3426 dioit
1203 3385 1354 3438 asserere,
1370 3363 1489 3425 miramur

474 3467 507 3529 in
532 3477 655 3531 tuntum
679 3470 871 3535 temeritatis
892 3471 1016 3556 aliquos
1035 3494 1104 3536 esse
1131 3481 1308 3556 provectos,
1331 3482 1388 3537 ⁰ut
1408 3470 1452 3556 qui
1466 3483 1488 3525 ⁸⁰

474 3577 521 3640 ita
543 3578 723 3643 humilitate
742 3581 875 3664 judioot,
891 3583 1062 3646 adstruant
1084 3583 1169 3667 quod
1190 3583 1233 3648 ab
1255 3584 1326 3648 aliis
1348 3582 1428 3647 diota
1443 3577 1487 3661 ojffl

474 3688 522 3751 vel
543 3688 615 3752 libri
640 3712 698 3773 pro
717 3692 913 3756 sermonibus
933 3693 1129 3778 Apostoliois
1149 3693 1197 3758 vel
1215 3694 1310 3759 dietis
1329 3682 1486 3779 propheticis

474 3797 661 3876 habeantur,
678 3809 735 3864 aut
757 3802 841 3886 quod
864 3802 915 3865 ille
937 3802 1005 3888 ipse
1028 3804 1076 3867 vel
1091 3803 1263 3888 Prophetis
1285 3805 1334 3868 vel
1356 3792 1486 3888 Apostoli

474 3909 515 3971 ab
531 3910 637 3994 aliquo
652 3920 864 3996 comparetur.
910 3913 955 3978 Et
970 3915 1097 4000 quidem
1111 3916 1197 4000 quod
1211 3924 1245 3979 et
1260 3917 1379 3980 honore
1391 3909 1486 4001 presbl·

474 4019 546 4082 terii
563 4020 595 4082 in
609 4022 741 4085 ecelesia
760 4024 913 4108 praeditus
928 4025 1034 4101 suerit,
1049 4035 1082 4090 et
1100 4026 1199 4090 vitum
1219 4023 1485 4091 abstinentissimam

474 4130 584 4212 egerit,
608 4140 641 4195 ot
664 4133 753 4195 valdo
776 4134 1035 4219 philosophicam,
1058 4137 1204 4221 quodque
1227 4159 1341 4222 puram
1363 4121 1484 4218 religionis

475 4237 687 4303 observaverit
704 4243 911 4327 disciplinam,
927 4255 960 4308 et
981 4268 1046 4329 pren
1069 4247 1193 4310 eaeterie
1208 4248 1304 4311 verbo
1326 4247 1382 4311 Dei
1395 4251 1422 4307 et
1434 4238 1482 4300 dvc·

629 4370 690 4492 (ζ’θῆ
704 4370 790 4462 Νθῑῖῑθ)
1095 4386 1116 4413 ¹¹¹
1129 4376 1192 4437 (sor.
1205 4377 1323 4425 mediocre
1333 4373 1385 4434 est)

605 4369 612 4405 1

605 4460 639 4494 ιι,

652 4465 706 4496 oen.
720 4467 768 4498 xxi.
783 4466 820 4513 ²5·
1101 4467 1114 4492 0
1127 4457 1192 4518 (sor,
1206 4465 1232 4505 nt
1243 4459 1264 4506 ei
1276 4457 1337 4519 qni.)
