4092 5150
475 413 496 477 6
771 410 1019 487 RELIQUIAE
1047 411 1226 473 SACRAE.

475 582 573 646 etiam
605 603 662 644 nos
691 580 881 664 aliquand03
912 587 945 644 et
977 580 1146 644 simulacra
1175 601 1245 663 quae
1271 579 1331 661 ipsi
1361 579 1521 655 finximus,

476 692 572 763 Deos,
588 691 659 755 coeli
674 713 713 755 ac
727 698 822 754 terrae
838 690 1031 776 putabamus
1045 697 1209 763 auctores;
1237 690 1292 753 sed
1308 690 1521 773 redarguebat

446 772 451 789 ι
477 820 532 862 eos
553 797 674 881 fragilis
696 799 768 874 (lor.
789 797 906 883 fragili)
928 798 1116 862 substantia
1136 820 1201 861 suae
1222 819 1243 861 a
1264 797 1355 861 nobis
1376 798 1522 880 praestita

475 909 691 983 consecrati03
711 909 744 971 in
755 907 868 992 quibus
883 915 1010 972 tantum
1021 907 1233 971 venerationis
1242 907 1356 984 inerat,
1366 914 1521 991 quantum

475 1019 597 1082 decoris
611 1040 724 1082 manus
739 1018 924 1082 contulisset
938 1017 1107 1082 artificum.
1530 1029 1547 1084 5

519 1130 636 1192 Verum
650 1128 850 1213 omnipotens
865 1128 953 1192 Deus
967 1127 1030 1204 ille,
1045 1149 1139 1211 quem
1159 1148 1222 1191 non
1243 1127 1361 1191 nostris
1375 1125 1522 1189 manibus

473 1237 594 1311 fictum,
611 1238 667 1301 sed
687 1236 778 1321 cujus
797 1258 855 1300 nos
870 1235 1004 1300 decebat
1025 1258 1093 1300 esse
1113 1236 1309 1320 figmentum,
1322 1257 1446 1299 errores
1464 1235 1521 1298 mi-

474 1356 600 1413 seratus
626 1349 782 1411 humanos
808 1347 1006 1432 Sapientiam
1031 1368 1121 1410 suam
1147 1346 1234 1411 misit
1259 1347 1292 1410 in
1317 1347 1402 1409 bunc
1431 1367 1521 1409 mun·

475 1459 560 1535 dum,
584 1479 678 1522 carne
700 1457 858 1531 vestitam,
874 1478 945 1540 quae
966 1478 1026 1519 nos
1047 1457 1177 1520 doceret
1200 1457 1314 1532 Deum,
1330 1456 1383 1539 qui
1405 1457 1521 1520 coelum

474 1565 601 1630 fecisset
615 1573 649 1629 et
664 1572 792 1641 terram,
808 1578 890 1627 anon
905 1565 938 1627 in
953 1564 1144 1629 manufactis
1157 1565 1213 1627 sed
1229 1564 1261 1627 in
1281 1563 1410 1628 aeternis
1423 1570 1522 1648 atque
1534 1587 1569 1624 10

474 1673 681 1737 invisibilibus
695 1673 927 1758 requirendum.
974 1673 1057 1737 Vitae
1073 1674 1171 1737 etiam
1190 1672 1280 1736 nobis
1295 1672 1392 1757 leges,
1405 1694 1444 1735 ac
1459 1672 1521 1735 dis-

475 1783 597 1869 ciplinae
617 1790 778 1868 praecepta
797 1783 973 1858 constituit,
989 1803 1116 1846 servare
1137 1782 1373 1867 parsimoniam,
1387 1803 1521 1866 pauper-

474 1901 543 1959 tate
564 1894 715 1979 gaudere,
730 1892 1004 1957 mansuetudinem
1027 1894 1138 1969 colere,
1154 1893 1283 1956 studere
1300 1892 1380 1977 paci,
1400 1892 1521 1976 purita-

474 2011 541 2069 tem
561 2003 665 2067 cordis
685 2003 845 2088 amplecti,
861 2003 1050 2087 patientiam
1071 2003 1238 2067 custodire.
1285 2002 1396 2065 Sedet
1414 2002 1521 2064 omnia

474 2113 543 2178 haec
564 2135 636 2197 quae
658 2135 741 2176 nunc
762 2114 930 2177 adversum
954 2136 1012 2177 nos
1033 2113 1154 2199 geritis,
1175 2120 1309 2177 ventura
1335 2111 1426 2176 nobis
1452 2133 1545 2175 esser
1550 2134 1566 2194 5

474 2222 643 2308 praedixit;
677 2223 881 2286 beducendos
902 2244 960 2285 nos
982 2230 1059 2287 ante
1081 2244 1180 2308 reges,
1196 2229 1229 2286 et
1250 2229 1327 2287 ante
1349 2222 1522 2305 tribunalia

470 2330 613 2415 judicum
627 2331 823 2406 statuendos,
839 2352 877 2395 ac
894 2331 991 2396 veluti
1011 2331 1172 2396 victimam
1191 2332 1393 2417 jugulandos.
1440 2331 1521 2396 Inde

472 2446 523 2503 est
536 2438 680 2523 denique,
697 2440 782 2522 quod
800 2446 833 2503 et
852 2440 920 2524 ipse
935 2440 989 2525 qui
1004 2447 1075 2505 erat
1092 2440 1288 2516 immortalis,
1305 2447 1419 2525 utpote
1434 2440 1518 2504 Ver-

413 2586 414 2589 =
473 2547 550 2611 bum
565 2553 598 2612 et
614 2546 779 2633 Sapientia
799 2548 871 2627 Dei,
886 2549 981 2615 morti
996 2572 1031 2614 se
1050 2548 1276 2634 praebuitque
1294 2549 1386 2614 nobis
1405 2549 1438 2612 in
1453 2572 1521 2614 cor-

475 2679 551 2742 pore
570 2658 693 2742 positus
711 2658 876 2742 patientiae
896 2658 1055 2743 praeberet
1074 2659 1261 2743 exemplum.
1306 2658 1370 2722 Sed
1388 2680 1447 2722 nec
1462 2680 1568 2723 nosco

474 2787 532 2830 sua
554 2773 657 2830 morte
676 2767 813 2851 decepit,
835 2767 949 2851 quibus
969 2775 1043 2851 post
1065 2769 1197 2834 tertium
1217 2769 1301 2832 diem
1324 2769 1518 2840 resurrexit;

474 2896 538 2937 non
553 2883 590 2939 ut
611 2875 686 2952 ista,
701 2897 771 2960 quae
793 2898 876 2940 nunc
890 2876 971 2940 falso
985 2877 1235 2954 conscribuntur,
1252 2877 1416 2941 continent
1432 2879 1521 2943 Acta

475 2982 583 3056 Pilati,
599 2986 655 3048 sed
675 2985 835 3064 innocens,
855 2986 1087 3060 immaculatus,
1103 2995 1137 3052 et
1158 3010 1257 3073 punis
1276 2989 1398 3052 adhoc
1418 2987 1520 3052 solum

474 3101 611 3158 mortem
643 3096 791 3180 suscepit,
827 3103 864 3160 ut
898 3117 969 3159 eam
1001 3097 1143 3161 vinceret
1179 3099 1384 3182 resurgendo.
1442 3098 1521 3178 Quae

450 3218 453 3224 '
474 3210 583 3267 autem
605 3204 686 3278 dico,
702 3226 766 3268 non
788 3213 864 3270 sunt
885 3205 918 3269 in
939 3205 1075 3270 obscuro
1096 3213 1188 3292 gesta
1209 3207 1288 3284 loco,
1304 3228 1362 3271 nec
1383 3209 1546 3272 testibusn
1551 3232 1567 3289 5

473 3311 627 3397 indigent.
673 3313 755 3377 Pars
768 3335 849 3398 pene
864 3314 974 3378 mundi
985 3316 1054 3399 jam
1069 3317 1172 3399 major
1191 3317 1264 3380 huic
1279 3317 1407 3382 veritati
1421 3318 1521 3382 adsti-

474 3418 621 3503 pulatur3
647 3420 743 3484 urbes
764 3421 915 3507 integrm
943 3431 1001 3488 aut
1023 3424 1050 3487 si
1072 3424 1105 3487 in
1127 3424 1177 3488 his
1198 3425 1317 3509 aliquid
1339 3434 1520 3511 suspectum

473 3527 608 3606 videtur,
629 3537 829 3595 contestatur
850 3533 891 3595 de
913 3532 963 3596 his
985 3534 1084 3598 etiam
1105 3536 1242 3620 agrestis
1261 3558 1384 3614 manus,
1408 3537 1520 3622 ignara

473 3637 627 3721 figmenti.
672 3638 707 3702 Si
729 3639 832 3702 minus
851 3640 956 3704 adhuc
976 3642 1127 3734 creditur,
1142 3643 1301 3708 adhibebo
1315 3645 1404 3709 vobis
1422 3646 1522 3727 etiam

472 3743 533 3808 loci
556 3745 665 3830 ipsius,
687 3747 719 3810 in
742 3769 878 3832 queres
899 3756 992 3834 gesta
1012 3758 1071 3827 est,
1094 3753 1321 3818 testimonium.
1366 3755 1568 3841 Adstipu·30

472 3852 559 3917 latur
581 3855 631 3918 his
651 3855 718 3940 ipse
738 3856 770 3918 in
788 3857 1017 3942 Hierosolymis
1038 3858 1137 3937 locus,
1149 3867 1182 3924 et
1201 3861 1404 3944 Golgothana
1425 3885 1521 3948 rupes

473 3962 533 4025 sub
556 3963 689 4048 patibuli
712 3986 807 4030 onere
829 3967 992 4052 disrupta:
1025 3974 1155 4032 antrum
1177 3991 1302 4053 quoque
1323 3971 1410 4045 illud,
1435 3973 1521 4055 quod

473 4070 589 4135 avulsis
618 4073 730 4138 inferni
753 4076 861 4158 januis
886 4097 1000 4160 corpus
1026 4078 1130 4141 denuo
1156 4079 1296 4144 reddidit
1324 4080 1521 4158 animatum3

636 4336 650 4364 ⁸
661 4327 716 4374 Act.
727 4327 768 4386 vil.
781 4329 821 4385 48.
1129 4331 1214 4380 llllut
1227 4349 1251 4381 x.
1268 4336 1303 4393 18,
1319 4349 1355 4395 19.
