4092 5150
544 416 609 478 284
787 415 1063 498 CONCJLIUM
1087 415 1350 480 ROMANUM.

588 587 662 645 Hac
683 588 875 664 Augustinus,
896 587 948 665 qui
970 587 1066 666 pergit
1086 588 1205 654 referre,
1227 587 1355 648 uoluisse
1375 599 1441 648 tum
1463 589 1594 665 temporis

546 685 718 743 Donatistas
731 685 761 742 in
777 684 933 743 collatione
950 685 1135 764 Carthaginis
1155 685 1254 743 habita
1274 685 1450 754 auscultare,
1465 705 1533 744 curn
1546 707 1594 745 cse-

546 781 637 861 pisset
651 782 765 840 recitari
780 781 852 859 quid
873 782 930 840 alio
944 782 993 842 die
1006 793 1122 860 gestum
1143 782 1191 848 sit,
1206 783 1261 840 boc
1278 792 1332 849 est,
1347 781 1498 842 absolutio
1513 784 1596 843 Casci-

546 875 635 943 liani3
659 877 819 936 Catholicis
840 879 1107 937 contradicentibus
1128 899 1186 936 non
1207 878 1313 938 debere
1331 878 1511 958 interrumpi
1525 879 1598 958 quod

547 973 605 1053 legi
623 974 683 1051 jam
706 987 843 1054 coeperat,
859 974 951 1033 donec
971 973 1101 1051 ejusdem
1119 973 1223 1052 judicii
1242 975 1340 1034 omnia
1357 986 1441 1054 gesta
1463 977 1596 1035 termina·

547 1082 660 1129 rentur.
706 1070 812 1129 Postea
826 1090 904 1141 vero,
919 1072 998 1148 quod
1013 1072 1112 1131 videre
1127 1072 1195 1131 licet
1209 1073 1239 1130 in
1256 1093 1317 1152 cap.
1336 1087 1381 1149 17.
1395 1073 1489 1152 gestis
1499 1074 1599 1132 ceteris

546 1168 686 1234 recitatis,
709 1170 844 1246 apparuit
864 1169 994 1226 omnium
1018 1169 1069 1246 qui
1091 1180 1162 1228 tunc
1186 1169 1377 1229 consederant
1398 1171 1597 1250 episcoporum

548 1266 702 1323 sententiis
726 1278 757 1323 et
782 1266 873 1344 ipsius
901 1265 1086 1331 Melcbiadis,
1112 1265 1298 1324 Caecilianum
1323 1266 1494 1324 absolutum
1516 1277 1599 1343 atque

550 1372 717 1441 purgatum,
744 1363 894 1421 Donatum
919 1383 989 1421 vero
1012 1363 1191 1432 damnatum,
1217 1363 1266 1439 qui
1295 1383 1423 1442 presens
1451 1364 1484 1422 in
1511 1364 1600 1442 prima

548 1458 654 1517 fuisset
669 1460 782 1517 actione
796 1460 957 1518 convictus.
1000 1459 1101 1518 Sedet
1116 1459 1146 1517 in
1157 1460 1287 1535 Epistola
1301 1481 1353 1520 sua
1364 1463 1402 1518 ad
1413 1462 1541 1519 Gloriam
1550 1464 1598 1518 lita.

549 1576 631 1614 nam.
642 1555 714 1614 xliii.
729 1555 798 1613 olim
816 1559 878 1621 162,
893 1577 976 1635 capp.
994 1571 1038 1632 15.
1048 1567 1079 1615 et
1096 1557 1139 1616 16.
1152 1557 1189 1616 de
1199 1557 1330 1634 ejusdem
1338 1557 1469 1617 concilii
1479 1558 1598 1617 Romani

551 1653 634 1712 Actis
649 1654 709 1710 haec
723 1653 805 1712 addit
820 1656 849 1711 S.
859 1655 1056 1731 Augustinus:

596 1797 738 1861 Potestis
752 1799 836 1860 euim
856 1820 914 1882 pro
929 1806 1036 1862 vestra
1059 1799 1230 1883 prudentia
1247 1807 1281 1864 et
1302 1798 1429 1865 illorum
1452 1800 1600 1885 persord-

551 1906 653 1964 tatem
665 1899 726 1962 illio
738 1900 914 1974 attendere,
927 1910 961 1964 et
967 1899 1111 1984 judicum
1121 1899 1323 1982 gravitatem,
1335 1901 1600 1983 quemadmodum

552 2004 593 2067 ad
620 2010 797 2066 extremum
820 2003 1005 2086 persuaderi
1029 2024 1092 2064 non
1116 2009 1255 2085 possent,
1279 2010 1316 2065 ut
1339 2024 1361 2064 a
1385 2002 1479 2085 plebe
1502 2003 1599 2088 partis

554 2105 716 2189 Majorini,
732 2127 803 2188 quae
826 2112 947 2168 certam
970 2125 1138 2188 personam
1161 2125 1223 2165 nou
1246 2103 1397 2178 habebat,
1414 2113 1600 2189 argueretur
1702 2133 1714 2147 ⁴

552 2206 756 2277 Oaeciiianua3
782 2216 815 2270 et
838 2207 982 2291 requisiti
1006 2205 1114 2270 abeis
1137 2214 1243 2268 essent
1262 2206 1310 2269 vel
1329 2214 1534 2270 accusatores
1555 2207 1599 2271 vel
1693 2213 1714 2273 i

552 2318 652 2372 testes
674 2309 721 2371 vel
744 2331 871 2393 quoquo
893 2309 988 2372 modo
1011 2330 1131 2372 caussae
1154 2308 1330 2382 necessarii,
1346 2307 1401 2392 qui
1424 2308 1517 2372 simul
1533 2331 1599 2372 cum
1682 2335 1713 2372 ,ι

552 2410 598 2474 eis
620 2432 659 2473 ex
683 2410 795 2473 Africa
820 2421 991 2488 venerant;
1016 2418 1050 2474 et
1072 2433 1126 2474 eos
1148 2418 1321 2494 praesentes
1343 2409 1441 2474 fuisse
1464 2418 1600 2496 atquea
1667 2435 1711 2473 a

553 2512 682 2576 Donato
698 2513 879 2577 subtractos
894 2536 962 2578 esse
976 2513 1148 2577 diceretur.
1190 2510 1342 2577 Promisit
1357 2511 1443 2576 idem
1455 2511 1600 2578 Donatus
1656 2532 1709 2573 ε

553 2616 637 2700 quod
652 2637 706 2678 eos
722 2623 804 2678 esset
820 2616 1036 2679 exhibiturus:
1062 2616 1233 2699 quodcum
1256 2636 1319 2678 non
1338 2614 1448 2691 semel,
1469 2615 1525 2679 sed
1547 2638 1601 2679 sae-
1645 2651 1707 2664 -

552 2718 623 2801 pius
638 2716 846 2800 promisisset,
860 2718 995 2801 amplius
1010 2718 1051 2781 ad
1063 2717 1140 2780 illud
1149 2716 1305 2801 judicium
1317 2717 1470 2781 accedere
1482 2717 1598 2789 noluit;
1663 2736 1701 2781 5

553 2820 608 2883 ubi
626 2820 695 2904 jam
711 2827 781 2883 erat
804 2828 897 2884 tanta
913 2822 1083 2897 confessus,
1101 2827 1137 2883 ut
1158 2819 1234 2882 nihil
1249 2819 1335 2882 aliud
1350 2821 1367 2855 ¹*
1377 2819 1527 2904 deinceps
1541 2841 1601 2881 non
1639 2833 1701 2875 Δ

553 2923 744 2998 accedendo,
768 2923 827 2986 nisi
850 2945 990 3007 praesens
1012 2922 1157 2985 damnari
1179 2922 1316 2985 noluisse
1337 2922 1512 2999 videretur,
1534 2944 1601 2987 cum
1632 2934 1699 2980 „a

552 3034 660 3091 tamen
677 3048 716 3089 ea
730 3048 801 3110 qnae
817 3026 999 3089 damnanda
1010 3034 1127 3098 essent,
1139 3046 1178 3089 eo
1192 3031 1351 3109 praesente
1361 3031 1461 3108 atque
1473 3025 1601 3089 interro·
1629 3049 1698 3067 ’-

553 3135 632 3214 gata
667 3129 911 3213 (interrogante,
948 3128 1017 3201 alii,
1052 3128 1112 3191 for.
1150 3128 1363 3211 interrogato)
1398 3127 1698 3191 manifestata-t

553 3231 682 3295 fuerint.
728 3231 874 3295 Accessit
889 3241 923 3295 et
938 3231 1034 3303 aliud,
1050 3239 1088 3294 ut
1102 3252 1123 3293 a
1137 3229 1326 3314 quibusdam
1340 3229 1495 3293 adversus
1511 3230 1697 3295 Oaeci‘

553 3335 672 3399 lianum
692 3334 941 3397 denuntiationis
960 3332 1084 3396 libellus
1109 3333 1249 3407 daretur,
1270 3339 1343 3415 post
1366 3333 1453 3416 quod
1475 3334 1696 3408 factumaei

554 3437 819 3523 quemadmodum
836 3437 878 3500 sit
892 3458 1002 3499 rursus
1017 3436 1142 3519 agitata
1156 3434 1305 3519 cognitio,
1320 3443 1354 3498 et
1369 3457 1441 3519 quae
1462 3442 1698 3519 person&

555 3542 642 3605 illum
661 3541 799 3604 libellum
821 3540 978 3613 dederint,
995 3538 1231 3623 quoquomodo
1251 3536 1329 3600 nihil
1348 3537 1381 3599 iu
1402 3538 1698 3603 caecilianum&

554 3644 684 3729 probari
706 3643 855 3727 potuerit,
873 3642 947 3726 quid
970 3642 1084 3716 dicam,
1101 3662 1171 3703 cum
1195 3647 1228 3703 et
1248 3640 1413 3703 audieritis
1436 3642 1554 3718 omnia,
1574 3634 1699 3705 arft

556 3748 681 3831 quoties
704 3746 867 3809 volueritis
888 3745 1003 3829 legere,
1028 3743 1174 3827 possitis?
1197 3742 1246 3806 De
1267 3764 1397 3805 numero
1411 3753 1523 3807 auteur
1539 3759 1699 3829 sep-r⁴

555 3847 704 3930 tuaginta
726 3845 956 3930 episcoporum,
973 3845 1022 3923 (io
1047 3843 1158 3907 Ooacil.
1185 3842 1327 3927 Oartlop.
1349 3843 1498 3907 adversas
1516 3845 1600 3908 aaa
1623 3831 1699 3896 ἳ-

556 3949 689 4029 Imaum)
706 3970 777 4011 oum
792 3947 882 4032 quasi
895 3946 1082 4031 gravissima
1096 3956 1310 4030 opponeretur
1332 3946 1521 4018 auctoritas,
1538 3957 1697 4030 (μθ

556 4051 673 4116 suerint
696 4050 782 4113 dicta
804 4048 1011 4124 meministis3
1034 4057 1067 4112 et
1091 4058 1198 4113 tamen
1218 4047 1275 4112 riri
1295 4048 1474 4132 gravissimi
1495 4049 1539 4112 ab
1561 4050 1693 4111 irc]-

557 4152 653 4217 finitis
670 4152 898 4237 quaestionibus
919 4158 1033 4214 catena
1052 4152 1189 4236 quadam
1210 4150 1422 4235 inexplicabili
1444 4173 1513 4215 sese
1535 4167 1687 4213 nem·

557 4255 698 4319 tentibus
713 4276 804 4317 suum
819 4263 998 4336 temperare
1012 4253 1180 4317 arbitrium
1200 4254 1391 4330 maluerunt,
1406 4269 1678 4338 nequaque-nn

938 4398 952 4425 ⁴
968 4398 1032 4456 (sor.
1044 4398 1099 4445 dein
1111 4396 1218 4459 ceperit.)
