4092 5150
481 405 546 472 164
825 401 1178 469 ANNOTATIONES

477 577 571 660 ἤγουν
590 577 650 638 ὅσα
673 577 740 657 περὶ
763 580 822 639 τῶν
848 575 980 657 διγάμινν
1005 576 1211 640 κεκανόνισται
1235 575 1286 637 καῖ
1308 573 1519 648 omum

478 683 570 743 ταῦτα
594 677 733 760 κρατήσει
755 679 804 742 καὶ
826 676 871 741 ἐπ’
894 677 999 755 αύτοῖν,
1023 679 1102 740 ὥστε
1126 674 1188 756 μετ’
1212 674 1353 741 ἐνιαυτὸν
1378 675 1521 758 δέχεσθαι

481 782 588 845 κωλύει
602 782 636 844 δὲ
650 782 667 844 ό
683 782 781 845 κανὼν
793 783 847 847 τδς
858 781 1023 861 παρθενίαν
1037 777 1316 860 έπαγγελλομένας,
1329 776 1523 860 συνέρχεσθαι

478 881 632 964 άνδράσιν,
653 884 719 946 άντῖ
741 889 794 946 τοῦ
817 882 921 960 συζῆν,
945 885 1106 956 συνοικεῖν,
1127 881 1263 962 άδελφδς
1289 883 1398 946 έαυτδς
1423 881 1523 958 όυομυ

477 988 584 1061 ἰούσας
606 991 665 1050 τῶν
688 986 761 1066 (for.
784 987 910 1065 τούτων)
931 984 976 1051 οἶς
997 981 1220 1064 συνδιάγουσιν·
1245 982 1297 1044 ίνα
1317 983 1394 1060 μηδὲ
1414 980 1524 1061 θποψία

477 1089 521 1156 τῖς
542 1086 562 1167 ᾖ
581 1087 642 1151 κατ’
663 1089 759 1151 αύτῶν
781 1085 920 1168 ἀπρεπής.
944 1087 960 1149 ό
983 1087 1016 1148 δὲ
1037 1083 1133 1166 μέγας
1152 1084 1314 1150 Βασίλειος
1333 1085 1369 1147 έν
1389 1085 1523 1146 άκτιικαι-

478 1189 590 1276 δεκάτιρ
613 1192 716 1254 κανόνι
737 1191 826 1254 αὐτοῦ
849 1191 890 1275 τῷ
911 1189 1029 1268 κρίματι
1051 1190 1102 1266 τῆς
1121 1188 1258 1269 μοιχείας
1278 1187 1460 1249 ὑποκεῖσθαι
1477 1183 1526 1262 τὴν

478 1293 714 1374 όμολογήσασαν
733 1294 935 1372 παρθενεύειν,
954 1291 1002 1354 καῖ
1020 1290 1061 1368 μὴ
1080 1289 1134 1368 τὴν
1148 1290 1315 1370 ὁμολογίαν
1336 1287 1524 1369 φυλάξασαν

478 1394 661 1482 άπεφῄυατο.
708 1395 763 1458 Ad
785 1395 899 1459 horum
921 1400 1049 1478 patrum
1068 1392 1169 1477 legem
1190 1392 1275 1475 quod
1295 1390 1431 1468 attinet,
1445 1396 1525 1455 route

478 1503 587 1561 monet
601 1496 751 1560 Balsamo
761 1521 770 1572 ;
792 1496 934 1576 άθέτησιν
953 1498 986 1559 δὲ
1002 1497 1133 1559 ἐνταῦθα
1151 1497 1202 1573 τῆς
1220 1497 1269 1557 διδ
1291 1492 1347 1571 τὴν
1365 1493 1526 1573 παρθενίαν

478 1601 661 1680 ἐπαγγελίας
682 1599 723 1678 μὴ
742 1601 825 1684 εἴπῃς
846 1599 1000 1678 πορνείαν,
1020 1599 1104 1661 άλλδ
1126 1595 1180 1660 τὸν
1202 1598 1328 1675 νόμιμον
1351 1594 1461 1676 γάμον·
1483 1597 1526 1658 διδ

476 1706 562 1764 τοῦτο
577 1703 636 1783 γδρ
652 1702 699 1764 καὶ
718 1703 776 1764 ύπδ
794 1703 887 1779 μόνου
908 1702 1053 1779 ἐπιτιμίου
1071 1696 1204 1780 διγάμιιν
1224 1696 1384 1772 κολάζουσι
1401 1699 1525 1763 τούτους·

477 1807 503 1867 εἰ
517 1808 575 1885 γὰρ
591 1803 777 1884 ἑπόρνευσάν
791 1828 869 1870 τινες
884 1806 916 1881 ἐξ
930 1802 1036 1876 αὐτῶν,
1053 1800 1305 1883 τιμωρηθήσονται
1316 1804 1366 1864 διδ
1377 1801 1526 1880 ἐπιτιμίων

476 1907 545 1973 τοὺς
558 1908 686 1986 πόρνους
701 1908 895 1981 κολαζόντων.
944 1904 1051 1968 Verba
1064 1911 1172 1968 autem
1188 1903 1221 1966 S.
1234 1903 1344 1967 Basilii
1357 1903 1390 1966 in
1402 1903 1527 1968 Oenone

476 2028 533 2069 suo
557 2005 697 2068 XVIII.
721 2013 828 2089 patres
856 2004 915 2067 hos
944 2006 1135 2089 Ancyranos
1165 2004 1327 2069 afferentis
1358 2005 1429 2069 haeo
1455 2011 1526 2068 sunt

478 2109 554 2188 Περὶ
574 2113 633 2170 τῶν
653 2109 845 2171 ε’κπεσουσῶν
864 2112 1020 2187 παρθευῶν
1039 2113 1098 2171 τῶν
1121 2107 1455 2189 καθομολογησαμέυων
1476 2105 1527 2170 τδν

478 2213 513 2274 ἓν
527 2211 685 2289 σεμνότητι
699 2211 771 2288 βίον
785 2213 824 2293 τῷ
841 2211 948 2295 Κυρίῳ,
966 2209 1030 2274 εἶτα
1052 2212 1100 2273 διδ
1114 2211 1148 2273 τὸ
1163 2213 1328 2274 ὑποπεσεῖν
1343 2216 1405 2277 τοῖς
1422 2210 1528 2274 πάθεσι

479 2312 530 2391 τῆς
556 2312 666 2392 σαρκὸς
691 2312 862 2375 άθετουσῶν
884 2315 937 2379 τὰς
961 2314 1074 2376 ἑαυτῶν
1095 2311 1251 2391 συνθήκας,
1277 2315 1306 2375 oi
1330 2314 1388 2393 μὲν
1405 2312 1528 2394 πατέρες

478 2416 560 2495 ἡμῶν
574 2417 676 2481 άπλῶς
697 2415 744 2477 καὶ
765 2412 865 2496 πράως
886 2414 1176 2496 συμπεριφερομένοι
1198 2421 1262 2482 ταῖς
1282 2416 1457 2482 ἀσθενείαις
1474 2421 1529 2478 τᾶν

478 2518 768 2581 κατολισθαινόνταν
780 2516 1004 2596 ἐνομοθήτησαν
1014 2521 1119 2585 δεκτδς
1134 2517 1211 2583 εῖναι
1224 2521 1299 2598 μετδ
1313 2517 1368 2582 τὸν
1381 2516 1527 2591 ἐνιαυτόν,

478 2619 541 2684 καθ’
557 2618 715 2700 ὁμοιότητα
729 2624 788 2681 τῶν
803 2618 935 2700 διγάμοιυ
953 2619 1168 2700 διαταξάμενοι·
1189 2620 1254 2701 ε’μοῖ
1269 2623 1303 2684 δὲ
1321 2626 1413 2698 δοκεῖ,
1430 2618 1529 2698 ἐπειδὴ

477 2726 511 2801 τῇ
527 2727 578 2785 τοῦ
591 2726 721 2802 Χριστοῦ
732 2721 830 2804 χάριτι
844 2726 991 2802 προϊοῦσα
1005 2724 1025 2801 ἡ
1040 2721 1183 2802 έκκλήσια
1195 2723 1389 2806 κρατοιοτέρα
1405 2727 1527 2805 γίνεται,

478 2825 526 2888 καὶ
539 2826 721 2904 πληθύνεται
742 2830 796 2887 νῦν
819 2824 853 2886 τδ
876 2824 975 2905 τάγμα
998 2832 1057 2888 τῶν
1079 2830 1244 2906 παρθενῶν,
1267 2826 1434 2909 προσέχειν
1453 2828 1528 2906 άκρι-

476 2930 538 3003 βῶς
554 2926 593 3008 τῷ
608 2949 641 2987 τε
657 2921 717 2987 κατ’
735 2924 854 2988 ἔννοιαν
866 2924 1037 3008 φαινομένῳ
1056 2924 1213 3006 πράγματι,
1231 2926 1328 3004 καῖτῇ
1348 2930 1400 3003 τῆς
1414 2928 1528 3007 γραφῆς

477 3027 601 3109 διανοίᾳ,
626 3025 664 3104 όν
689 3024 815 3088 δυνατὸν
835 3023 967 3106 ἐξευρεῖν
988 3024 1047 3088 άπὸ
1067 3031 1119 3089 τοῦ
1141 3028 1316 3090 άκολαύθου.
1348 3029 1456 3109 χηρεύει
1474 3029 1529 3107 γάρ

477 3130 533 3191 &c
578 3127 694 3191 Confer
718 3136 751 3191 et
772 3126 893 3190 Concil.
915 3128 1069 3213 Carthag.
1083 3128 1146 3193 IV.
1165 3130 1327 3192 Cononem
1347 3130 1387 3192 do
1403 3129 1528 3205 Viduis,

476 3252 546 3314 quae
562 3252 596 3293 se
610 3230 809 3293 devovissent
825 3229 974 3305 Domino,
989 3231 1030 3294 ad
1046 3231 1174 3316 nuptias
1189 3232 1442 3296 transeuntibus.

521 3333 559 3394 P.
577 3348 645 3410 124.
662 3331 682 3395 l.
701 3352 746 3415 15.
769 3335 806 3399 ὥς
826 3334 973 3418 ἀδελφάς]
990 3335 1030 3400 ὡς
1048 3335 1201 3416 ἀδελφοῖς.
1239 3335 1292 3398 Sic
1311 3342 1432 3419 praeter
1447 3336 1528 3400 Bod-

475 3434 612 3498 leianum
635 3443 779 3499 nostrum
806 3436 946 3499 codicem
971 3437 1055 3520 (cod.
1075 3438 1175 3522 205.)‚
1201 3437 1405 3501 AEtonionsis
1431 3439 1526 3503 etiam

474 3536 561 3620 legit,
584 3558 641 3600 neo
664 3558 726 3599 non
752 3537 912 3613 Tilianus;
935 3560 1008 3601 nam
1034 3539 1211 3603 Gentianus
1236 3541 1399 3604 Hcrvetus
1422 3541 1528 3617 vertit,

477 3648 622 3723 tauquam
646 3661 714 3702 συπι
734 3639 901 3722 fruteto.
950 3642 1014 3705 Sed
1046 3643 1117 3706 MS.
1150 3642 1427 3706 Amerbeohianus
1453 3643 1527 3728 legit

477 3742 637 3820 ἀδελφούς.
682 3741 705 3803 J
708 3764 826 3805 oannes
841 3743 1064 3808 Antiochenua
1078 3751 1111 3808 et
1127 3745 1314 3808 Parisiensis
1329 3744 1528 3809 Balsamonis

474 3844 595 3927 pariter
608 3851 705 3928 atque
720 3844 854 3909 Zonarae
867 3846 976 3923 editio,
988 3848 1027 3913 ὡς
1038 3847 1182 3929 ἀδελφάς.
1215 3848 1261 3911 Et
1272 3848 1316 3911 sic
1329 3870 1407 3911 sane
1419 3870 1527 3912 omues

476 3945 582 4009 Latini
602 3946 793 4031 interpretes
816 3946 969 4031 legerunt.
1016 3948 1161 4034 Namque
1182 3950 1325 4014 ultimam
1344 3950 1428 4015 hano
1449 3972 1526 4036 prae-

473 4047 572 4111 sentis
590 4048 720 4111 canonis
744 4057 868 4132 partem
893 4050 1037 4115 Isidorus
1058 4051 1224 4116 Mercator
1247 4052 1291 4117 sio
1313 4053 1420 4127 vertit,
1455 4054 1525 4117 Vir-

470 4150 554 4233 ρι’τιει
567 4156 669 4212 melem
681 4150 811 4234 puellus,
828 4173 896 4237 quc
915 4162 1060 4237 tauquam
1074 4175 1186 4218 sorores
1201 4176 1268 4217 συυι
1282 4155 1438 4221 macilis
1452 4156 1528 4220 σι’τῖι

474 4249 612 4316 habitum
632 4251 743 4326 αοίυιιι,
765 4252 805 4317 αδ
827 4276 928 4318 comm
950 4256 1095 4320 oonsortio
1111 4256 1312 4341 ρυοδῖδσπιυε.
1359 4259 1527 4346 Dionysius

474 4353 627 4440 Exiguus,
652 4354 790 4440 Viryt'uos
803 4367 900 4422 αυιυυι
920 4379 989 4443 quc
1007 4360 1184 4423 αουυευῖιιιιι
1201 4382 1268 4424 oum
1287 4360 1445 4447 aliquibus
1460 4373 1526 4428 taa-
