4092 5150
476 417 542 486 326
661 419 820 485 GESTA
844 418 979 484 APUD
1001 417 1341 487 zsNoPHILuu.

475 594 494 624 “
509 586 613 651 Meno
627 608 686 651 sun
699 586 784 651 enim
798 585 875 650 mihi
890 585 1026 651 trodidit
1044 585 1184 652 libellum
1202 586 1250 652 rei
1263 592 1380 672 gestie,
1393 607 1453 671 pro
1465 606 1523 672 qus

474 708 497 738 ‘⁶
511 719 609 764 osusn
623 705 681 762 tuo
700 703 862 783 pmoepto
879 697 976 763 fuerit
995 696 1167 780 lapidatus
1213 696 1289 763 Non
1303 704 1356 764 est
1369 719 1478 763 veroni
1489 704 1524 763 ot

474 819 494 848 ‘⁴
510 816 605 894 potor
617 810 756 895 osstiget
770 808 870 873 filium
889 815 1004 873 oontro
1017 807 1205 883 veritatem
1231 815 1267 874 et
1282 807 1351 873 soio
1364 808 1444 895 quio
1454 830 1523 874 m

473 928 494 957 “
508 928 584 984 sunt
597 942 669 1005 quse
683 919 718 982 in
731 918 837 983 libello
849 917 927 982 mihi
941 918 1064 983 trsdito
1083 924 1159 983 sont
1173 917 1370 1004 oonsoripto„
1415 921 1523 998 Qum

472 1039 495 1070 ‘⁶
511 1029 685 1095 remedium
706 1028 866 1113 quomodo
884 1027 1005 1113 poterit
1026 1027 1071 1094 ibi
1092 1027 1277 1114 malignitas
1298 1028 1365 1095 isto
1386 1027 1523 1114 extingui

475 1149 496 1178 ‘⁴
510 1147 685 1225 antequam
708 1139 837 1204 flnmms
857 1144 1021 1223 exsurgat,
1042 1160 1114 1224 quae
1135 1147 1210 1225 post
1231 1139 1364 1204 demum
1386 1137 1524 1224 extingui

474 1259 496 1288 “
511 1273 575 1316 non
589 1250 710 1336 poterit
724 1250 792 1314 sine
806 1249 960 1334 snnguioe
973 1247 1118 1335 spifitsli.
1155 1248 1323 1318 Adhibets
1336 1249 1523 1315 oonoletioos

474 1368 495 1400 “
511 1369 545 1425 et
564 1361 704 1425 seniores
726 1359 827 1446 plebis
844 1359 1075 1425 eoolesinstioos
1088 1359 1191 1436 viros3
1213 1368 1248 1425 et
1270 1359 1439 1446 inquirent
1457 1361 1522 1426 diii·

473 1476 494 1506 “
509 1476 623 1554 genter
637 1491 708 1554 qoae
729 1475 805 1532 sunt
825 1467 897 1533 istae
919 1467 1141 1544 dissensiones,
1155 1474 1193 1532 ot
1214 1489 1255 1532 eo
1277 1489 1351 1553 quse
1376 1468 1459 1534 fiunt
1480 1491 1523 1535 so

474 1588 494 1618 “
510 1580 649 1644 eundum
663 1580 738 1644 fidei
752 1586 914 1666 praeoepto
927 1579 1018 1645 finnt
1049 1578 1123 1643 Non
1134 1579 1309 1644 declinabis
1322 1580 1368 1646 sd
1379 1581 1523 1647 dextram

474 1698 494 1725 “
508 1689 557 1753 vel
582 1691 626 1754 od
651 1689 823 1755 sinistram.
871 1689 1028 1754 Libenter
1052 1697 1162 1755 sutem
1186 1711 1299 1755 nutem
1323 1693 1523 1757 oommodsio

474 1807 493 1836 ‘⁴
508 1799 573 1863 noli
586 1799 679 1864 melis
692 1799 950 1877 instructoribus,
965 1799 1020 1884 qui
1034 1799 1148 1865 nolunt
1166 1821 1291 1885 paoem.
1334 1801 1457 1867 Omnes
1468 1822 1523 1866 nos

474 1918 495 1948 “
510 1909 685 1975 oooiditis.”
710 1919 738 1974 a
760 1908 828 1974 olio
853 1930 956 1974 mom.
987 1907 1133 1973 “Volo''
1176 1907 1261 1974 Item
1286 1916 1322 1975 et
1347 1912 1521 1998 exemplum

473 2020 626 2105 epistoiae.
672 2028 692 2060 ‘⁶
702 2022 878 2107 Purpurius
892 2020 1059 2106 episeopus
1073 2020 1195 2086 oleriois
1209 2029 1245 2086 et
1262 2022 1442 2089 senioniios
1456 2023 1520 2091 (ir-

475 2141 495 2170 “
511 2130 650 2196 tensium
663 2131 697 2196 in
712 2133 852 2198 Domino
865 2140 1021 2199 aeternnm
1041 2132 1186 2198 salutem.
1231 2132 1381 2200 ‘clamat
1396 2134 1521 2222 Moyses

473 2248 495 2278 “
510 2242 553 2305 od
579 2262 705 2305 omnem
726 2248 872 2307 senatum
894 2242 1032 2307 filiorum
1055 2243 1169 2320 Israel,
1190 2243 1337 2329 dixitque
1359 2244 1431 2323 illis,
1454 2266 1520 2332 quse

474 2351 668 2416 “Dominus
686 2352 800 2436 jubeat
821 2353 890 2417 fieri
900 2381 909 2427 ;
929 2353 997 2419 sine
1020 2354 1151 2419 oonsilio
1170 2352 1331 2418 seniorum
1349 2355 1430 2419 nihil
1449 2376 1519 2441 sgo-

473 2465 495 2498 “
510 2460 617 2526 betur.
661 2460 778 2546 Itoque
795 2470 829 2528 et
849 2485 919 2542 vos,
934 2463 1097 2542 oorissimi‚
1113 2486 1194 2549 quos
1210 2464 1277 2530 soio
1291 2485 1421 2531 omnem
1438 2466 1517 2552 sopi-

474 2580 496 2610 “
511 2572 631 2637 entiam
650 2573 813 2640 ooeiestem
834 2582 869 2639 et
889 2576 1066 2662 spititolem
1085 2576 1213 2651 habere,
1229 2577 1317 2642 omni
1336 2585 1446 2645 vestro
1463 2578 1518 2643 vir·

473 2690 495 2721 “
510 2691 582 2748 tute
601 2686 781 2770 oognosoits
801 2709 872 2771 quae
896 2687 939 2751 sit
959 2687 1112 2752 dissensio
1134 2688 1215 2766 haeo,
1239 2696 1275 2753 et
1295 2690 1460 2774 perduoite
1478 2688 1515 2754 od

475 2803 495 2834 “
512 2816 634 2879 paoem.
667 2795 757 2861 Dioit
771 2796 855 2860 enim
870 2797 1086 2862 Nundinorius
1101 2798 1262 2876 diaeonus,
1275 2800 1362 2884 quod
1378 2800 1454 2864 nihil
1467 2819 1514 2864 vos

474 2913 495 2943 “
511 2904 623 2984 intoot,
638 2905 721 2969 unde
736 2906 805 2970 haeo
822 2906 976 2971 dissensio
990 2915 1041 2973 est
1060 2907 1145 2972 inter
1161 2908 1362 2973 serissimum
1381 2918 1512 2975 nostrum

475 3020 495 3053 “
512 3014 673 3078 Silvanum
688 3022 722 3079 et
735 3014 848 3100 ipsum.
894 3015 1043 3080 Tradidit
1056 3016 1141 3080 enim
1159 3016 1238 3080 mihi
1257 3015 1400 3084 libellum
1414 3019 1510 3103 inquo

475 3134 495 3162 “
509 3125 616 3190 omnio
635 3132 711 3190 sunt
733 3126 921 3211 oonson'pts.
967 3127 1061 3192 Dixit
1085 3128 1169 3192 enim
1191 3136 1226 3192 et
1245 3150 1303 3193 vos
1324 3152 1390 3194 non
1412 3131 1507 3195 latere

474 3235 583 3320 “Ego
604 3236 693 3300 ssoio
715 3237 790 3321 quio
811 3236 898 3301 auris
922 3260 987 3302 non
1010 3246 1069 3303 est.
1115 3238 1239 3302 Bonum
1265 3241 1402 3324 quaerite
1423 3260 1506 3305 rene

474 3355 497 3386 “
513 3347 600 3410 dium
615 3349 774 3431 quomodo
788 3349 996 3434 extinguntur
1014 3350 1083 3414 haeo
1102 3371 1153 3414 ros
1172 3350 1240 3414 sino
1253 3350 1395 3435 periculo
1407 3352 1503 3417 nnimae

474 3466 496 3495 “
510 3471 644 3536 vestrae;
677 3479 717 3522 ne
741 3458 848 3523 subito
873 3480 946 3523 oum
971 3481 1140 3546 personam
1163 3459 1321 3544 accipitis,
1348 3458 1502 3547 injudicio

475 3576 496 3605 “
511 3567 654 3632 venietis.
698 3567 828 3633 Justum
846 3568 1000 3652 judicium
1014 3570 1099 3633 inter
1120 3576 1229 3654 portos
1246 3569 1392 3653 judioote
1412 3588 1498 3634 socun-

474 3686 495 3715 “
511 3678 587 3741 dum
601 3677 793 3762 gravitatem
807 3685 947 3743 vestram
966 3686 1000 3743 et
1015 3679 1184 3763 justitiam.
1230 3681 1356 3745 Cavete
1374 3680 1498 3745 vobisne

475 3796 495 3824 “
510 3788 674 3854 deolinetis
687 3788 720 3852 in
730 3789 896 3854 dextoram
909 3811 1010 3876 neque
1025 3790 1058 3853 in
1069 3789 1239 3855 sinistram.
1267 3789 1329 3855 Dei
1343 3788 1497 3876 resogituo

476 3907 495 3934 “
510 3899 564 3983 qui
586 3906 747 3964 scrutatur
761 3899 970 3984 oogitationes
986 3898 1190 3985 singulorum.
1235 3897 1409 3964 Elaboroto
1423 3910 1495 3961 nemo

474 4016 495 4044 ‘⁶
510 4009 591 4074 soiot
610 4032 680 4094 quae
700 4010 743 4074 sit
765 4008 942 4094 conjuratio
961 4009 1040 4075 haeo.
1078 4008 1220 4073 ''Vestre
1240 4016 1316 4074 sunt
1331 4031 1400 4094 quae
1412 4001 1493 4071 libello

507 4237 605 4286 ‘Exod
615 4238 666 4287 xix.
680 4250 700 4299 7.
784 4249 799 4286 ε
814 4239 877 4299 (sor.
889 4239 955 4300 sileo,
964 4240 1001 4287 sd.
1014 4239 1110 4301 Dupin.
1123 4239 1196 4285 Anno
1206 4237 1321 4285 seribend.
1341 4236 1391 4299 Ego
1400 4224 1488 4290 ίθῑθῖῑὼ

473 4331 544 4366 verus
556 4328 599 4367 est
634 4318 690 4366 Non
707 4328 744 4367 ost
758 4320 857 4367 bonum.
880 4319 989 4378 Quoi-ite
1003 4320 1070 4368 dio?
1106 4318 1196 4378 Confer
1212 4318 1284 4366 verta
1295 4317 1363 4366 initio
1373 4303 1487 4377 pssimi

474 4410 525 4455 qua
533 4400 609 4460 poulo
617 4399 836 4463 postsequuntur.)
967 4400 982 4440 h
988 4402 1040 4462 sor.
1053 4400 1126 4460 Vero,
1139 4400 1227 4448 Basca.
