4092 5150
472 400 536 470 196
810 399 875 460 AN
881 396 1189 460 NOTATIONES

474 574 500 634 εί
515 573 572 651 γὰρ
587 570 644 632 ὑπὸ
660 570 805 647 ἐπιτίμιόν
817 570 901 630 ἐστιν
916 569 932 628 ὁ
948 568 1082 646 δίγαμος,
1095 566 1166 628 ποία
1178 565 1264 627 ἔσται
1278 568 1319 648 τῷ
1331 563 1517 648 πρεσβυτέρᾳ

472 675 643 755 συγγνώμη,
670 674 710 758 τῷ
735 676 783 735 διὰ
809 669 972 736 ἑστιάσεως
996 676 1057 736 τοῖς
1080 672 1225 735 τοιούτοις
1248 668 1519 752 συγκατατιθεμένγ

473 774 589 857 γάμοις.
634 776 778 838 Zonaras
792 782 900 838 autem
915 774 980 836 ait:
1005 772 1047 835 ‘H
1063 776 1185 853 διγαμία
1198 772 1257 834 ὑπὸ
1273 774 1423 850 ἐπιτίμιόν
1434 774 1518 834 ἐστιν.

474 878 611 941 ἐνιαυτὸν
626 881 683 958 γὰρ
699 881 748 955 τῆς
763 879 850 957 ἁγίας
864 875 1062 956 μεταλήψεως
1078 878 1214 955 εἴργεται,
1234 874 1268 935 τὸ
1284 876 1316 935 δὲ
1338 875 1521 952 έπιτίμιονσὶ

473 982 563 1060 ἱερεῖς
579 978 752 1060 ἐπάγουσιν,
771 983 811 1044 είς
825 976 986 1056 μετάνοιαν
1003 977 1167 1060 ἐρχομένου
1187 981 1239 1040 τοῦ
1258 979 1487 1057 διγαμήσαντος.
1507 978 1521 1038 ὁ

473 1087 548 1163 γοῦν
563 1085 610 1145 διὰ
625 1087 676 1160 τῆς
691 1082 856 1162 παρουσίας
871 1081 960 1142 αὐτοῦ
975 1086 1129 1143 συναινεῐν
1142 1084 1237 1142 δοκῶν
1252 1081 1292 1164 τῷ
1305 1079 1434 1163 δευτέρῳ
1446 1078 1521 1162 γάμῳ

473 1184 579 1262 ἱερεὺς,
602 1185 644 1249 τίς
668 1183 762 1255 ἔσται,
779 1183 874 1262 φησὶν
896 1185 912 1243 ὁ
936 1184 1044 1258 κανῶν,
1066 1181 1212 1256 τουτέστι,
1229 1186 1292 1247 πῶς
1313 1181 1369 1243 οὐκ
1391 1180 1520 1258 αἰδεσθή

474 1307 560 1346 σεται
574 1282 715 1362 ε’ττιτιμῶν
735 1288 774 1367 τῷ
799 1287 1092 1365 δευτερογαμοῦντιὸ
1113 1287 1161 1346 διὰ
1180 1289 1231 1362 τῆς
1253 1285 1423 1363 παρουσίας
1441 1283 1522 1346 αι’ποῦ

475 1390 661 1448 συνευδοκῶν
681 1387 716 1471 τῇ
738 1389 968 1470 δευτερογαμίᾳς
993 1389 1075 1449 ἀλλὰ
1093 1393 1185 1450 ταῦτα
1199 1384 1234 1448 ἓν
1253 1385 1437 1468 γράμμασιν·
1460 1386 1522 1463 ἡμῖν

476 1489 508 1551 δὲ
519 1489 566 1551 καὶ
574 1484 755 1570 πατριάρχης
767 1489 915 1569 dommi
923 1495 1137 1569 μητροπολῖται
1149 1489 1287 1570 διάφοροι
1296 1490 1522 1567 συνεπιιίμεναι

476 1591 764 1670 δευτερογαμήσαυτι
787 1598 922 1669 βασιλεῖ.
965 1593 1143 1656 Gentianus
1163 1592 1286 1656 interea
1307 1593 1472 1654 Hervetue
1493 1589 1521 1651 in

477 1691 729 1775 Iutopretotioue
743 1714 800 1756 sua
815 1694 933 1756 Latino
947 1692 993 1757 ita
1008 1694 1115 1766 vertit,
1132 1695 1187 1757 sed
1203 1694 1265 1757 vim
1281 1694 1359 1758 dieti
1376 1694 1462 1757 haud
1475 1714 1521 1754 ex·

476 1794 615 1879 plicans;
650 1794 929 1877 Preebyter—ue
953 1797 1133 1860 convivetur.
1188 1797 1266 1860 Oum
1287 1798 1369 1860 euim
1394 1798 1522 1881 requirat

470 1897 682 1981 poeaitmtiom
697 1897 847 1981 ιίίρααιιις,
863 1898 931 1982 quis
945 1899 1002 1961 erit
1010 1897 1178 1982 presbyter,
1194 1900 1248 1983 qui
1264 1921 1296 1962 eo
1310 1899 1393 1984 quod
1410 1901 1450 1962 eit
1464 1919 1521 1961 eote

477 1999 558 2062 oioio
573 2010 717 2083 aceeptus,
734 2002 852 2084 nuptiis
866 2003 1077 2065 assentiatur?
1100 2002 1287 2066 Conferend.
1308 2006 1407 2065 Acten
1428 2003 1519 2084 Δροσί.

478 2101 532 2166 xii.
547 2104 594 2165 18.
611 2105 641 2166 τί
654 2104 711 2183 ἄρα
726 2106 742 2165 ὀ
759 2103 874 2184 Πέτρος
885 2103 1015 2186 ἐγένετο,
1034 2105 1086 2167 ubi
1112 2104 1246 2189 Vulyoto
1262 2105 1373 2181 habet,
1384 2103 1520 2189 quidnam

470 2207 593 2288 suetum
608 2227 666 2268 esee
681 2207 718 2268 de
734 2207 835 2267 Petro.

862 2393 1021 2454 CANON
1050 2394 1148 2456 VIII.

524 2517 560 2582 P.
575 2520 644 2603 183.
660 2519 679 2581 I.
698 2537 745 2581 12.
763 2519 840 2597 Γυνή
856 2519 947 2604 τινος]
962 2518 1037 2584 Ἐὰν
1053 2521 1127 2603 γυνή
1141 2547 1221 2587 τινος
1238 2522 1301 2601 (ita
1315 2521 1420 2586 edidit
1433 2521 1521 2585 Beue·

481 2623 611 2707 regiue).
669 2623 809 2686 Joannes
842 2624 1061 2687 Antiochenus
1091 2626 1121 2687 iu
1152 2625 1271 2688 oolleot.
1305 2647 1376 2688 ean.
1408 2624 1459 2688 tit.
1478 2643 1521 2703 41.

480 2724 568 2808 legit,
586 2725 662 2803 Γυνή
677 2752 755 2792 τινος
769 2732 963 2807 μοιχευθεῖσα
978 2735 1084 2791 λσῖκοῦ
1099 2730 1196 2802 ὄντος,
1212 2726 1266 2790 ε’ὰν
1286 2726 1420 2814 ἐλεγχθῇ
1442 2737 1522 2808 φανε-

480 2832 546 2906 ρῶς.
602 2825 653 2889 Sie
683 2827 779 2889 etiam
809 2827 886 2911 legit
916 2829 1087 2914 Dionysius
1114 2830 1276 2914 Exiguum
1314 2831 1413 2893 vertit
1438 2829 1522 2903 enim,

482 2928 603 2991 Mulier
624 2930 781 3010 cinaedum
795 2931 969 2995 adulterato
991 2933 1066 2996 ίιίοί
1081 2934 1240 3004 constituti,
1260 2934 1288 2995 ei
1308 2934 1462 2997 evidenter
1481 2954 1524 2995 ατ·

479 3043 603 3115 ρ’ναίαν.
649 3033 694 3096 Et
724 3042 815 3098 vetus
844 3035 1008 3118 interpres,
1042 3036 1159 3097 Μιιίίατ
1188 3036 1328 3119 cujusque
1357 3035 1525 3099 adulterato

482 3135 559 3199 luico
574 3138 738 3210 constituto,
753 3138 780 3199 si
796 3137 946 3200 doceatur.
992 3138 1044 3201 Sic
1060 3138 1155 3200 etiam
1177 3137 1292 3221 legitur
1312 3138 1344 3199 in
1363 3137 1525 3202 I’arisiensi

482 3238 681 3302 Buieamonis
703 3240 859 3303 editione:
884 3241 939 3303 sed
962 3244 1062 3304 codex
1088 3241 1363 3304 Amorbaehianus
1387 3264 1461 3304 eum
1483 3241 1528 3303 Ti·

483 3339 567 3403 liano
583 3350 700 3404 nostrae
715 3341 842 3404 lectioni
858 3341 1080 3422 adstipulatur.
1107 3340 1425 3405 BEVEREGIUS.
1459 3340 1527 3404 Lec-

484 3443 603 3508 tionem
632 3444 834 3507 Οοασίίιῗοναια
858 3453 955 3529 atque
982 3444 1148 3519 Οαυουιιυι,
1177 3443 1253 3520 Γυνή
1282 3468 1371 3519 τινος,
1402 3451 1530 3508 tuentur

484 3547 648 3610 Bodleiout‘
671 3548 784 3610 οοιίίσσς
806 3569 903 3609 ουν-τιον
925 3554 1043 3630 prater
1063 3545 1158 3621 illuni,
1181 3566 1242 3629 quo
1266 3567 1343 3608 usus
1364 3554 1415 3610 est
1438 3547 1529 3610 Beve

484 3650 599 3735 regine,
626 3650 688 3713 eod.
708 3668 780 3733 205.
828 3649 970 3712 Tiliauus
997 3657 1105 3711 autem
1133 3649 1174 3711 ab
1199 3670 1237 3710 eo
1267 3660 1531 3714 commemoratus

484 3754 593 3829 codex,
619 3752 735 3817 Latina
758 3752 974 3836 Interpretutio
996 3760 1046 3814 ost
1070 3751 1221 3815 Gentiani
1241 3751 1388 3826 Herveti,
1405 3776 1478 3836 quae
1497 3775 1532 3816 ex

485 3856 583 3919 codice
597 3854 690 3917 Joou.
712 3855 788 3918 Titii
807 3854 1000 3916 Bolsumoaie
1017 3854 1245 3915 Ooiumeuturiie
1264 3854 1358 3916 cincto
1373 3855 1463 3919 faeta
1478 3865 1533 3931 est,

486 3959 561 4021 dum
582 3967 688 4021 tamen
709 3957 800 4020 editio
823 3959 933 4020 Grceco
952 3956 1050 4038 ipsius
1071 3956 1154 4032 Titii,
1170 3957 1236 4018 hae
1252 3963 1312 4030 est,
1333 3964 1371 4020 ut
1392 3958 1471 4033 dixi,
1487 3981 1534 4022 oa·

486 4083 603 4124 nonum
625 4061 722 4124 editio
745 4060 900 4144 princeps,
924 4060 1017 4125 aliter
1040 4083 1073 4123 se
1096 4060 1202 4123 habet.
1247 4060 1362 4143 Neque
1386 4061 1535 4125 differunt

487 4163 653 4227 Pedalium
668 4172 701 4226 et
724 4164 831 4226 Veneta
849 4165 1002 4227 Οσυοααυι
1020 4163 1171 4247 &anaunia
1217 4162 1395 4245 Apostolus
1410 4164 1535 4247 quaerit,

488 4271 514 4332 εί
537 4267 571 4329 δέ
593 4292 636 4331 τις
655 4272 708 4330 τοῦ
731 4268 809 4329 ἰδίου
828 4269 908 4329 οἴκου
931 4271 1094 4346 προστῆναι
1114 4268 1165 4329 οὐκ
1192 4266 1263 4337 οἶδε,
1290 4271 1352 4331 πῶς
1377 4269 1537 4345 ἐκκλησίας

489 4373 569 4433 Θεοῦ
586 4369 798 4448 ἐπιμελήσεται
808 4394 816 4447 ;
838 4389 849 4431 1
869 4369 950 4431 Tim.
964 4369 1005 4431 iii.
1019 4391 1049 4451 3.
