4092 5150
475 419 517 485 90
771 415 1020 494 RELIQUIAE
1048 412 1224 478 SACRAE.

476 588 593 669 αὐτοῖς
605 587 793 690 φροντίδος
805 589 886 686 περὶ
899 586 1010 683 ἡμῶν
1028 586 1111 662 ἀλλ’
1128 585 1220 662 οὕτω
1235 585 1293 662 καὶ
1308 587 1519 661 διανοεῖσθαι

474 723 531 798 καὶ
550 719 727 822 πράττειν,
746 724 794 804 ὡς
812 722 931 820 μηκέτ’
951 721 1076 799 ὄντων·
1107 719 1240 817 ταύτην
1266 717 1435 820 δευτέραν
1453 716 1517 811 βό·

474 889 589 933 σανον
608 858 665 934 ἐπὶ
684 864 759 939 ταῖς
772 863 932 956 πληγαῖς
949 862 1021 935 τῶν
1048 855 1264 935 ὑπεναντίων
1286 851 1516 955 ἐφευρόντων.

474 987 571 1088 ἦσαν
601 990 637 1071 δέ
666 990 699 1069 οἳ
721 994 778 1068 καὶ
806 989 896 1086 μετὰ
918 988 1001 1073 τοὺς
1028 987 1215 1086 αἰκισμοὺς
1238 990 1296 1065 ἐπὶ
1323 995 1388 1066 τοῦ
1414 986 1520 1093 ξύλου

474 1125 622 1220 κείμενοι
641 1123 700 1202 διὰ
718 1131 790 1202 τῶν
809 1122 999 1224 τεσσάρων
1026 1126 1125 1202 ὀπῶν
1151 1122 1390 1219 διατεταμένοι
1416 1122 1542 1226 ἅμφως

473 1258 525 1336 τὼ
542 1258 640 1354 πόδε,
659 1264 706 1341 ὡς
725 1261 782 1337 καὶ
807 1261 881 1337 κατ’
904 1258 1062 1361 ἀνάγκην
1088 1258 1214 1340 αὐτοὺς
1237 1261 1295 1337 ε’πὶ
1321 1265 1385 1336 τοῦ
1413 1257 1521 1363 ξύλον

475 1395 617 1478 ὑπτίους
636 1391 732 1488 εἶναι,
751 1393 800 1492 μὴ
820 1395 1031 1491 δυναμένους
1051 1393 1108 1471 διὰ
1127 1392 1169 1472 τό
1188 1392 1321 1472 ἔναυλα
1344 1390 1391 1469 τὰ
1414 1390 1517 1492 τραύ-

473 1561 570 1622 ματα
589 1526 660 1606 ἀπὸ
679 1534 750 1606 τῶν
768 1534 922 1627 πληγῶν
941 1529 1018 1611 καθ
1042 1527 1130 1606 ὅλου
1144 1535 1208 1604 τοῦ
1227 1526 1399 1623 σώματος
1420 1527 1518 1629 ἔχειν·

473 1660 584 1762 ἕτεροι
603 1662 640 1740 δὲ
658 1668 706 1745 είς
730 1665 908 1766 τοῦδαφος
932 1665 1103 1767 ῥιφέντες,
1122 1662 1253 1740 έκειντο
1279 1659 1349 1740 ὑπὸ
1372 1665 1437 1759 τῆς
1455 1667 1522 1739 τῶν

474 1796 649 1888 βασάνων
668 1796 800 1898 ἁθρόας
818 1800 1045 1897 προσβολῆς·
1072 1796 1271 1896 δεινοτέραν
1282 1794 1349 1893 τὴν
1361 1795 1452 1900 ὅφιν
1464 1799 1521 1893 τῆς
1532 1825 1559 1862 ¹⁰

473 1932 648 2030 ἐνεργείας
672 1938 744 2012 τοῖς
771 1932 884 2031 ὁρῶσι
912 1929 1138 2031 παρέχοντες,
1161 1931 1327 2012 ποικίλας
1356 1932 1416 2008 καὶ
1446 1935 1517 2009 δια·

474 2064 608 2169 φόρους
618 2068 656 2142 ἐν
666 2073 739 2146 τοῖς
754 2065 903 2161 σώμασι
919 2064 1086 2167 φέροντες
1101 2069 1172 2141 τῶν
1185 2061 1361 2156 βασάνων
1374 2062 1440 2145 τὰς
1454 2068 1522 2143 έπι-

474 2202 580 2281 νοίας.
601 2199 735 2278 τούτων
750 2203 861 2282 οὕτως
873 2203 1038 2303 ἐχόντων,
1053 2205 1085 2278 oi
1097 2198 1162 2297 μὲν
1173 2199 1441 2296 ἐναπέθνησκον
1451 2206 1521 2279 ταῖς

473 2332 658 2429 βασάνοις,
673 2342 718 2438 τῇ
733 2339 898 2440 καρτερίᾳ
917 2335 1218 2437 καταισχύναντες
1233 2332 1297 2411 τὸν
1312 2335 1519 2419 ἀντίπαλον·

475 2475 507 2547 οἱ
522 2469 558 2547 δὲ
577 2470 764 2568 ἡμιθνῆτες
783 2473 821 2548 ἐν
840 2476 890 2578 τῷ
904 2470 1137 2577 δεσμωτηρίῳ
1152 2467 1437 2567 συγκλειόμεναι,
1450 2469 1519 2566 μετ’
1532 2493 1557 2552 ¹5

474 2607 515 2683 οὐ
543 2604 687 2687 πολλὰς
716 2604 847 2705 ἡμέρας
875 2612 951 2688 ταῖς
980 2605 1161 2709 ἀλγηδόσι
1189 2603 1423 2707 συνεχόμενοι
1450 2607 1517 2683 ε’τε·

475 2748 645 2818 λειοῦντο.
674 2746 707 2817 oi
726 2737 764 2818 δέ
784 2742 903 2818 λοιποὶ
923 2744 985 2838 τῆς
1000 2738 1071 2818 ἀπὸ
1091 2743 1154 2837 τῆς
1167 2740 1354 2840 θεραπείας
1368 2738 1517 2837 &vami-

473 2907 566 2955 σεως
580 2872 813 2980 τυχόντες,τῴ
824 2872 942 2980 χρόνῳ
955 2876 1012 2952 καὶ
1027 2880 1072 2975 τῇ
1086 2878 1149 2971 τῆς
1163 2877 1327 2977 φυλακῆς
1350 2878 1520 2977 διατριβῇ,

475 3006 763 3108 θαρσαλεώτεροι
778 3009 973 3107 ἐγίγνοντο.
1002 3009 1095 3086 οὕτω
1113 3014 1200 3108 γοῦν
1219 3008 1321 3105 ἡνίκα
1345 3006 1518 3109 προσετὲ·

476 3161 535 3200 ram
551 3141 710 3199 habendam
721 3164 782 3201 esse
795 3167 801 3200 :
824 3144 875 3201 sed
886 3164 971 3202 cunc·

474 3234 520 3279 tos
540 3222 581 3284 sic
606 3221 642 3288 de
670 3224 753 3280 nobis
786 3224 904 3289 sentire,
933 3224 974 3282 sic

473 3322 542 3379 erga
566 3322 619 3358 noa
643 3324 727 3380 agere
752 3304 865 3371 debere,
891 3305 971 3381 quasi

473 3402 533 3441 non
547 3381 671 3459 amplius
688 3383 818 3441 homines
837 3404 972 3442 essemus.

475 3463 564 3523 Hunc
588 3462 698 3520 scilicet
723 3464 881 3525 secuudum
907 3485 971 3521 crn-

474 3543 581 3611 ciatum
613 3555 679 3618 post
713 3545 831 3601 verbera
862 3545 970 3603 inimici

474 3623 564 3680 nostri
577 3623 818 3701 excogitaverant.
843 3624 970 3695 Quidam

473 3703 559 3764 etiarn
581 3713 649 3781 post.
667 3716 812 3761 tormenta
833 3705 862 3761 iu
883 3724 972 3761 nervo

469 3783 625 3859 jacuerunt
634 3806 643 3851 ,·
667 3784 789 3861 pedibus
800 3785 835 3842 ad
847 3797 972 3860 quatuor

473 3882 565 3938 usque
575 3864 715 3921 foramina
727 3863 892 3922 divaricatis
903 3888 909 3930 ;
931 3865 972 3921 ita

473 3953 507 4010 ut
521 3943 617 4020 supini
633 3962 696 4001 esse
711 3956 893 4019 cogerentur,
905 3965 971 4002 cum

473 4023 511 4079 ob
545 4034 675 4080 recentes
713 4023 861 4101 plagarum
898 4026 972 4082 cica-

473 4103 560 4160 trices
573 4122 644 4179 quas
664 4114 727 4163 toto
749 4125 869 4182 corpore
889 4125 971 4181 gere-

474 4181 553 4243 bant.
580 4195 656 4239 stare
680 4184 799 4241 omnino
824 4206 882 4242 non
906 4206 970 4259 pos·

474 4275 546 4319 sent.
588 4261 649 4318 Alii
665 4263 746 4327 humi
760 4265 881 4343 projecti
892 4266 970 4341 jace·

474 4342 543 4399 bant
568 4342 735 4419 praenimia
760 4356 970 4406 tormentorum

474 4423 647 4491 acerbitate3
677 4435 706 4480 ct
734 4422 829 4481 multo
855 4425 975 4504 gravius.

1025 3164 1111 3221 quam
1134 3143 1202 3201 dum
1224 3142 1426 3201 cruciarentur
1444 3163 1518 3223 spec·
1528 3159 1555 3197 ιο

1025 3222 1154 3281 taculum
1193 3222 1379 3281 intuentibus
1414 3225 1518 3303 prabe-

1025 3305 1104 3372 bant,
1121 3303 1199 3359 varia
1217 3323 1250 3360 ac
1269 3301 1446 3382 multiplicia
1465 3316 1517 3361 tor·

1025 3395 1188 3441 mentorum
1220 3382 1386 3459 excogitata
1419 3403 1519 3461 genera

1024 3463 1192 3539 corporibus
1205 3464 1265 3521 suis
1276 3464 1518 3522 circumferentes.

1022 3543 1098 3614 Qum
1119 3563 1184 3600 curn
1206 3544 1247 3601 ita
1271 3555 1453 3620 gererentur,
1475 3543 1555 3616 alii25

1022 3624 1052 3681 in
1069 3623 1138 3701 ipsis
1158 3624 1310 3681 tormentis
1327 3625 1518 3702 exspirabant,

1023 3703 1186 3762 constantii
1203 3707 1256 3761 sua
1276 3702 1419 3782 pudorem
1442 3706 1519 3762 iucu-

1023 3785 1130 3843 ticutes
1145 3783 1318 3841 adversario.
1361 3782 1422 3841 Alii
1438 3784 1520 3843 semi·

1023 3884 1107 3922 neces
1122 3864 1151 3919 in
1166 3884 1307 3927 carcerem
1323 3864 1408 3931 trusi,
1424 3864 1519 3943 paucis

1023 3955 1089 4022 post
1104 3943 1206 4001 diebus
1226 3943 1375 4001 doloribus
1393 3943 1519 4023 oppressi
1527 3963 1559 4020 30

1023 4026 1111 4082 vitam
1136 4022 1284 4082 finierunt.
1328 4022 1447 4101 Reliqui
1473 4044 1519 4082 cu·

1023 4104 1149 4162 rantium
1184 4104 1320 4162 remediis
1356 4104 1518 4167 refocillati,

1023 4197 1153 4261 tempore
1174 4184 1237 4261 ipso
1256 4204 1288 4241 ac
1304 4184 1445 4242 diuturna
1462 4204 1519 4243 car-

1023 4266 1096 4323 ceris
1110 4284 1190 4323 mora
1210 4262 1378 4322 fidentiores
1397 4284 1519 4323 evasere.

1023 4346 1128 4420 Itaque
1142 4364 1207 4402 cum
1229 4356 1330 4423 postea
1348 4344 1559 4420 juberentar35

1023 4422 1129 4502 eligere
1145 4436 1245 4483 utrum
1255 4423 1389 4492 mallent,
1403 4445 1439 4481 an
1455 4444 1518 4483 con·
