4092 5150
573 415 636 476 raa
905 385 1271 479 'Annornuouns

573 603 647 647 nam
663 591 833 668 utrumque
847 582 992 648 habitum
1008 584 1114 662 luisse,
1133 605 1204 648 cum
1220 583 1322 649 multa
1341 582 1406 648 alia
1424 589 1615 669 mgumeuta

572 694 641 750 tum
654 707 727 749 vero
742 685 827 750 tituli
846 685 987 770 ipsorum
1006 685 1221 764 vetustissimi,
1238 686 1423 752 ostendunt.
1469 685 1618 763 Pcrrc,si

570 787 819 872 subscriptiones
830 788 1061 872 cpiscoporum,
1074 810 1145 874 quae
1157 789 1190 867 in
1204 788 1329 853 Latinis
1340 808 1499 853 munuum
1514 787 1618 853 collec-

568 887 710 953 tionibus
726 899 799 974 post
814 890 945 954 concilia
960 891 1073 975 positae
1094 898 1179 966 sunt,
1195 912 1326 976 prorsus
1342 898 1440 955 certae
1463 912 1504 955 ac
1524 888 1619 955 finus

568 990 774 1070 haberentur,
790 994 873 1078 quod
890 992 1017 1078 quidem
1032 994 1073 1058 de
1087 993 1148 1057 illis
1166 1003 1275 1078 negat,
1289 1000 1358 1058 tam
1374 992 1461 1057 Han.
1479 991 1620 1057 Valesius

567 1093 599 1155 in
619 1093 745 1158 Euaslii
775 1096 855 1171 Vita,
879 1117 974 1180 quam
997 1105 1167 1160 antaeum
1191 1096 1380 1160 Edmundus
1404 1095 1572 1160 Richarius
1589 1095 1619 1158 iu

564 1196 646 1261 Hac.
662 1198 774 1261 Ooacil.
793 1199 999 1276 Generalinm,
1014 1199 1074 1264 vol.
1088 1200 1115 1264 l.
1129 1199 1182 1263 lib.
1196 1199 1215 1265 i.
1228 1222 1297 1285 cap.
1311 1218 1340 1263 2.
1355 1205 1379 1281 ς.
1389 1221 1421 1281 4.
1436 1205 1620 1264 constarent

563 1298 632 1363 haec
641 1300 705 1363 duo
717 1301 851 1365 concilia
862 1302 894 1365 in
904 1302 1092 1387 pontificatu
1104 1301 1418 1368 VitalisAutiocheni
1428 1300 1619 1378 convenisse,

564 1402 618 1486 qui
634 1403 718 1468 inter
733 1404 899 1489 utriusque
914 1405 1026 1490 synodi
1041 1404 1193 1490 praesules
1207 1405 1345 1491 primum
1359 1404 1467 1469 locum
1487 1403 1618 1468 obtinet

565 1502 624 1569 lllc
639 1513 748 1570 autem
763 1507 929 1592 episcopus
944 1506 1005 1571 luit
1022 1506 1065 1571 ab
1087 1529 1173 1572 anno
1195 1526 1270 1594 313.
1293 1507 1336 1572 ad
1356 1528 1458 1591 usque
1478 1528 1530 1571 an.
1545 1525 1618 1592 3¹9·

564 1606 660 1671 Ocrte
681 1616 757 1671 ante
779 1607 942 1673 Nicaenum
961 1608 1109 1673 habitum
1125 1609 1292 1674 concilium
1307 1615 1509 1673 successerat
1523 1604 1617 1672 Vitali

564 1708 598 1772 S.
615 1707 832 1794 Philogonius‚
860 1719 943 1774 teste
969 1709 1165 1776 Theodoritc
1188 1712 1271 1776 Has.
1296 1710 1382 1777 Eccl.
1406 1711 1463 1774 lib.
1491 1710 1512 1774 i.
1537 1732 1565 1774 c.
1587 1728 1616 1793 3.

565 1814 799 1898 Argumentum
812 1813 934 1878 interea
944 1813 1114 1879 vetustatis
1124 1813 1239 1880 omitto
1254 1837 1295 1879 ax
1304 1812 1425 1892 Basilii,
1438 1815 1471 1878 in
1484 1820 1616 1899 utraque

564 1915 685 1999 synodo
717 1917 890 2000 Ancyrana
921 1937 960 1979 ac
990 1914 1240 1980 Neocaesariausi
1267 1914 1426 2001 praesulis,
1452 1915 1616 2001 martyrio,

562 2017 603 2080 dc
626 2024 771 2102 tempore
795 2016 878 2080 enim
903 2017 972 2102 ejus
994 2017 1194 2102 disputatum
1221 2027 1280 2085 est.
1325 2017 1615 2105 Subscripticnibus

562 2128 682 2197 autem,
701 2142 772 2205 quae
794 2129 868 2206 post
886 2121 1027 2187 Ocncilia
1049 2119 1164 2187 Latine
1183 2143 1275 2186 versa
1295 2121 1409 2208 positae
1429 2128 1517 2199 suut,
1536 2141 1616 2184 nunc

562 2223 715 2307 majorem
726 2222 821 2285 fidem
833 2223 1014 2289 conciliabit
1025 2224 1203 2310 catalogus
1214 2226 1361 2289 maximae
1374 2223 1479 2309 partis
1489 2230 1615 2308 patrum

555 2321 776 2402 Nicaencrum,
807 2347 901 2409 quem
926 2349 966 2390 ex
999 2327 1250 2393 Gollectcnccrum
1280 2327 1439 2392 Theodori
1474 2326 1615 2392 lactoris

561 2425 677 2491 (lodice
693 2425 820 2492 Veneto
835 2428 934 2493 edidit
948 2429 985 2493 cl.
1003 2428 1170 2495 Morellius
1184 2430 1217 2494 in
1233 2429 1421 2495 Billictlscc
1439 2451 1501 2494 suc
1517 2431 1615 2494 Mac

563 2530 673 2594 &ceco
694 2539 720 2594 ct
743 2530 814 2595 Lot.
838 2553 868 2617 p.
893 2550 966 2617 225.
989 2533 1146 2600 ct'deinc.
1192 2533 1346 2620 Ejusdem
1369 2553 1444 2599 vero
1466 2532 1613 2619 Ostalogi

560 2633 685 2698 initium
708 2650 819 2699 extare
843 2636 1009 2700 Morellius
1032 2638 1166 2715 monuit,
1189 2637 1222 2701 in
1244 2636 1387 2701 Socratis
1408 2634 1464 2700 lib.
1480 2636 1502 2700 i.
1518 2658 1546 2700 c.
1567 2656 1612 2721 13·

561 2737 614 2801 ubi
630 2737 788 2822 proditur,
803 2738 962 2824 integrum
979 2739 1065 2804 illurn
1086 2740 1240 2805 insertum
1260 2739 1357 2803 luisse
1373 2737 1416 2803 ab
1433 2736 1613 2803 Athanasio

562 2840 783 2904 Alexandrino
798 2841 830 2904 in
843 2842 992 2924 Sycodieo
1006 2865 1064 2906 suo
1080 2865 1163 2908 nunc
1180 2842 1355 2928 deperdito.
1417 2842 1556 2927 Insuper
1568 2841 1613 2905 vir

560 2943 598 3007 cl.
614 2942 670 3019 ait,
687 2942 826 3005 omnium
842 2943 896 3027 qui
911 2944 987 3008 editi
1003 2950 1078 3007 sunt
1094 2942 1283 3007 Latinorum
1304 2940 1523 3025 catalogorum
1542 2940 1612 3005 huic

561 3046 674 3110 Graeco
690 3046 867 3131 prasertim
882 3046 970 3109 illum
991 3046 1195 3131 respondere,
1210 3065 1304 3130 quem
1320 3043 1341 3106 J
1343 3042 1476 3108 ustellus
1495 3044 1612 3129 primm

559 3149 593 3213 in
607 3149 709 3212 lucam
724 3149 818 3212 eruit.
845 3147 890 3212 Et
906 3170 991 3224 vero,
1007 3157 1162 3232 quant-um
1177 3169 1237 3233 ego
1253 3147 1353 3222 viden,
1365 3146 1449 3211 alter
1460 3169 1502 3211 ex
1512 3146 1611 3212 altero

560 3252 732 3337 saepissime
755 3251 927 3327 emendari,
949 3250 1109 3315 interdum
1132 3251 1229 3316 etiam
1252 3249 1390 3334 suppleri
1413 3257 1534 3335 potest,
1557 3250 1609 3315 aad

559 3355 697 3419 maxima
714 3353 849 3417 Latinus
864 3375 904 3416 cx
920 3353 1043 3416 Graeco.

605 3459 641 3520 P.
665 3456 770 3540 113.1.
787 3478 818 3535 4.
843 3456 976 3522 Κάνονες
993 3462 1053 3518 τῶν
1075 3457 1110 3517 ἐν
1126 3453 1257 3539 Ἀγκύρᾳ
1276 3455 1349 3538 dra]
1377 3453 1503 3520 Extant
1526 3455 1610 3519 tituli

559 3559 684 3623 duabus
699 3558 749 3621 his
764 3557 891 3642 synodis
908 3555 1149 3620 Anto-Nicaenis
1165 3557 1286 3641 praefixi
1305 3556 1337 3619 in
1359 3555 1518 3642 plerisque
1539 3558 1608 3621 edd.

558 3671 657 3748 atque
672 3661 799 3746 scriptis
819 3683 919 3746 parva
943 3682 1014 3722 cum
1034 3659 1190 3723 varietate
1209 3659 1373 3733 lectionis;
1406 3660 1463 3724 sed
1483 3661 1516 3724 in
1536 3662 1609 3725 lam·

559 3773 645 3830 mate
672 3788 730 3850 ogo
753 3764 1009 3828 Neocoeccriaacis
1035 3762 1162 3847 quidem
1191 3763 1321 3826 Ooacilii
1345 3762 1489 3826 nonnihil
1512 3763 1609 3828 disce·

557 3870 695 3931 dandum
715 3891 783 3931 esse
806 3868 847 3931 ab
865 3866 1036 3929 Harduina
1057 3864 1260 3928 Consiliorum
1274 3864 1423 3940 editione,
1438 3864 1503 3929 fide
1516 3863 1608 3929 libro

556 3992 627 4035 rum
655 3970 943 4057 manuscriptorum
975 3969 1067 4031 nixus
1094 3968 1244 4052 judicavi.
1303 3967 1383 4031 Oum
1414 3988 1490 4032 vcro
1517 3990 1608 4054 argu-

556 4083 699 4138 mentum
721 4095 779 4159 pro
801 4093 925 4136 summa
948 4071 1143 4155 antiquitate
1167 4071 1292 4136 Codicis
1314 4070 1482 4135 (lenonum
1503 4070 1609 4135 Eccle-

557 4176 623 4250 siae,
646 4176 678 4239 in
702 4198 763 4261 quo
789 4176 822 4238 hi
848 4197 987 4238 canones
1012 4173 1158 4237 collocati
1182 4184 1268 4251 sunt,
1294 4197 1333 4238 ex
1359 4173 1471 4236 iisdem
1496 4172 1606 4245 titulis,

558 4300 612 4341 seu
642 4278 854 4354 lemmatibus,
886 4277 1064 4340 ducendum
1094 4286 1189 4352 essct,
1219 4278 1287 4341 haec
1316 4276 1391 4340 clim
1421 4275 1549 4362 scripsit
1577 4276 1691 4339 inf

556 4380 692 4465 epistola
711 4382 752 4444 ad
776 4401 925 4464 magnum
949 4378 1116 4443 Usserium
1134 4380 1259 4444 Samuel
1278 4379 1421 4443 Wardus
1436 4376 1689 4444 Cantabri-f
