4092 5150
474 426 541 488 208
808 420 1188 487 ANNOTATIONES

475 592 538 656 καθ’
555 594 713 672 ὁμοιότητα
727 599 786 656 τῶν
799 594 857 656 ὑπὸ
873 600 931 656 τῶν
945 595 1125 657 ἀποστόλων
1139 593 1425 676 χειροτονηθέιτοιν,
1436 596 1477 658 ὧν
1490 591 1522 674 ἦν

473 694 628 775 Στέφανος
650 697 666 756 ό
689 701 800 775 πρῶτος
819 694 1017 775 μαρτυρήσας.
1063 693 1126 758 Sed
1146 694 1248 769 addit,
1269 693 1356 778 apud
1374 693 1454 758 alios
1471 716 1521 757 nu·

472 818 595 860 merum
611 796 827 859 Diaconorum
847 795 933 859 haud
948 817 1108 880 quaquam
1123 796 1289 860 definitum
1305 817 1385 873 esse,
1402 798 1523 876 rapiti

473 906 534 964 τοῖς
548 901 653 966 ἄλλοις
670 899 830 980 ἀδιάφορος
845 901 861 961 δ
876 901 988 961 τοόκιον
1003 899 1132 977 δριθμός.
1157 899 1281 962 Souom.
1299 897 1388 962 Hist.
1409 898 1523 962 Ecclcs.

472 1002 527 1066 lib.
551 1003 603 1065 vii.
631 1024 658 1065 c.
682 1022 729 1083 ¹9·
762 998 989 1064 BEVEREG.
1043 1000 1160 1066 Confer
1188 1008 1349 1076 auctores,
1378 1022 1461 1085 quos
1487 1001 1524 1065 ad

473 1107 623 1170 Conunnn
642 1104 837 1189 Fragmenta
852 1104 986 1168 indicavi
1002 1102 1062 1167 vol.
1076 1100 1144 1166 lll.
1159 1124 1232 1188 pag.
1245 1108 1297 1165 61.

519 1210 555 1270 l’.
576 1210 644 1290 185.
662 1207 683 1269 l.
700 1227 746 1290 15.
770 1211 843 1271 κατὰ
864 1208 918 1270 τὸν
941 1206 1064 1291 κανόνα]
1091 1205 1221 1269 Monuit
1244 1212 1360 1270 cont-ra
1382 1204 1524 1270 Whlsto·

473 1331 547 1372 num
572 1309 731 1373 Robertus
753 1309 877 1372 Turnat
898 1309 937 1372 V.
951 1309 992 1373 D.
1008 1308 1041 1372 in
1064 1309 1144 1372 libro
1167 1308 1304 1392 Anglioa
1323 1308 1435 1394 lingua
1456 1331 1524 1372 con-

472 1411 593 1495 scripto
613 1413 662 1474 Dc
685 1410 950 1474 Oomiitutioailuc
969 1409 1188 1496 Apostolomm,
1204 1433 1273 1496 cap.
1285 1410 1348 1474 xvi.
1369 1433 1444 1497 pag.
1460 1432 1523 1493 ¹40·

473 1534 581 1577 vocem
598 1517 710 1576 κανόνα
726 1513 811 1577 haud
827 1536 951 1598 semper
969 1513 1148 1599 significare
1167 1512 1379 1578 constitutum
1399 1514 1523 1598 aliquod

473 1616 666 1700 synodicum,
683 1616 739 1679 sed
760 1616 919 1680 interdum
940 1617 1187 1680 ecclesiasticum
1207 1636 1328 1680 morem
1347 1624 1382 1681 et
1397 1638 1523 1681 consuo·

473 1718 631 1791 tudinem
656 1725 754 1801 atque
769 1717 842 1781 hino
857 1717 924 1781 fieri
940 1740 1043 1803 posse,
1061 1727 1097 1782 ut
1117 1727 1225 1803 patres
1241 1712 1524 1795 Naocaesarienses,

473 1819 527 1905 qui
547 1819 688 1904 regulam
710 1820 750 1883 de
771 1820 975 1884 diaconorum
995 1841 1127 1883 numero
1149 1818 1261 1884 κανόνα
1285 1822 1523 1906 appellaverint,

474 1921 550 1983 nihil
571 1920 656 1984 allud
680 1929 797 2005 praeter
819 1929 957 1984 veterem
977 1942 1107 1995 morem,
1126 1921 1233 2006 quiex
1248 1919 1345 2006 longo
1361 1945 1422 1986 usu
1442 1923 1525 1987 inva-

473 2024 595 2101 luisset,
627 2024 792 2107 cogitasse.
839 2023 949 2107 Neque
974 2023 1038 2087 alio
1064 2031 1222 2107 spectant,
1250 2024 1376 2109 opinor,
1407 2025 1526 2090 Ουιιςιι·

475 2150 516 2189 nn
532 2127 628 2190 verba
643 2126 675 2190 in
689 2125 837 2210 Epistola
851 2127 892 2189 ad
907 2126 1052 2189 Fabium.
1098 2126 1225 2190 Scilicet
1238 2124 1440 2191 Novatianus
1455 2136 1525 2212 post

474 2237 655 2312 susceptum
671 2227 817 2291 clinicum
832 2227 1036 2313 baptismum,
1051 2235 1088 2290 ut
1102 2226 1211 2290 scribit
1226 2227 1408 2305 Cornelius,
1420 2230 1455 2292 οὔ
1467 2230 1525 2308 μην

474 2330 543 2391 οὐδὲ
558 2333 617 2391 τῶν
631 2335 745 2392 λοιπῶν
761 2330 858 2412 ἔτυχε,
875 2330 1029 2410 διαφυγὼν
1048 2328 1102 2406 τὴν
1118 2330 1222 2404 νόσον,
1237 2328 1279 2392 δν
1297 2329 1356 2412 χρὴ
1375 2339 1526 2409 μεταλαμ-

473 2429 582 2508 βάνειν
604 2433 678 2492 κατδ
696 2431 749 2493 τὸν
768 2434 819 2509 τῆς
838 2429 996 2511 ἐκκλησίας
1020 2434 1203 2506 ΚΑΝΟΝΑ,
1227 2428 1288 2493 hoo
1310 2440 1360 2494 est
1384 2438 1525 2496 vertente

476 2532 615 2608 Valesio,
639 2532 735 2616 juxta
760 2532 1006 2597 ecelesiasticam
1032 2531 1182 2617 regulam.
1208 2553 1278 2618 pag.
1300 2550 1351 2619 25.
1378 2534 1439 2598 vol.
1458 2533 1523 2599 lll.

476 2635 664 2719 Beveregius
684 2657 809 2719 quoque
833 2635 864 2699 in
883 2636 954 2699 cod.
977 2636 1093 2698 Οαιιοιι.
1113 2634 1267 2698 Illum.
1288 2635 1343 2699 lib.
1356 2637 1386 2700 l.
1403 2660 1471 2723 cap.
1482 2638 1521 2701 xi.

475 2742 499 2815 §-
510 2756 541 2819 5.
558 2738 713 2802 referente
726 2739 835 2801 eodem
849 2738 1003 2815 Turnero,
1015 2746 1113 2821 negat
1125 2738 1209 2801 istud
1222 2742 1296 2802 κατδ
1312 2738 1427 2804 κανόνα
1441 2740 1521 2825 apud

476 2838 751 2902 Neocaesnrienses
766 2841 806 2903 de
826 2863 946 2904 canone
965 2840 1071 2924 aliquo
1092 2838 1304 2904 ecclesiastico
1324 2843 1459 2928 intelligi
1472 2845 1520 2907 de

476 2941 561 3017 bere,
577 2950 685 3005 censet
705 2949 813 3005 tamen
829 2942 1105 3028 interpretandum
1123 2942 1155 3004 id
1174 2943 1298 3006 essedo
1316 2965 1416 3008 ςαοναι
1432 2946 1522 3030 scrip·

475 3053 554 3105 teron
582 3065 700 3117 conone,
726 3044 762 3106 do
787 3066 897 3108 οαιιοιιι
926 3066 992 3107 cere
1019 3044 1179 3129 apostolico
1207 3043 1246 3108 οδ
1274 3046 1350 3131 posis
1381 3049 1522 3111 ιιιύιὶιιιυι

476 3146 605 3208 Domini
629 3147 724 3209 nostri
748 3148 888 3230 apostolis
913 3148 1079 3223 constituto,
1105 3147 1148 3210 ad
1173 3169 1266 3231 quem
1292 3167 1441 3232 spectare
1469 3151 1522 3213 hos

476 3254 584 3329 patres
609 3256 715 3330 putat.
761 3248 922 3311 canonem
949 3248 1075 3331 quidem
1102 3249 1245 3312 veritatis
1271 3272 1398 3314 sacram
1423 3252 1522 3337 Scrip

476 3357 580 3411 turam
604 3348 796 3432 appellatam
819 3372 839 3412 α
863 3350 1021 3413 veteribus
1048 3350 1142 3414 fuisse
1166 3357 1277 3413 notum
1303 3360 1373 3424 est;
1408 3376 1520 3417 memo·

476 3460 590 3534 ratque
601 3452 742 3534 sormam
761 3451 912 3515 dicicitur
926 3452 1032 3516 datam
1052 3475 1153 3517 canon
1172 3454 1378 3519 duodecimus
1394 3457 1523 3521 Concilii

477 3552 693 3628 Arelatensis3
727 3554 782 3616 sod
808 3555 919 3618 melior
942 3564 1060 3632 tamen,
1090 3576 1141 3619 me
1167 3556 1283 3639 judico,
1312 3558 1449 3623 Turneri
1475 3570 1521 3624 cst

475 3654 655 3738 explicatio.
1518 3700 1519 3703 ι

498 3756 603 3818 ibid.
625 3755 644 3818 l.
664 3759 708 3819 16.
732 3758 880 3842 πράξεων]
909 3759 1044 3823 Zonarae
1071 3761 1327 3825 Commentarius:
1351 3760 1393 3827 Ὁ
1415 3764 1523 3843 ἑξεκαι-

475 3858 597 3923 δέκατος
612 3861 709 3921 κανὼν
724 3865 774 3937 τῆς
793 3860 876 3939 ἕκτης
896 3864 1033 3935 συνόδου,
1049 3864 1116 3942 περὶ
1136 3866 1239 3927 τούτου
1254 3870 1308 3927 τοῦ
1326 3870 1452 3934 κανόνος
1466 3874 1524 3931 δια·

474 3960 635 4037 λαμβάνει.
661 3964 771 4041 εἴρηται
791 3964 844 4025 οὖν
864 3963 937 4039 ἐκεῖ,
952 3966 1031 4031 ὅπως
1053 3966 1104 4028 οὐκ
1121 3966 1269 4047 εὐστόχως
1288 3969 1318 4030 ol
1331 3972 1383 4046 τῆς
1399 3973 1524 4034 συνόδου

476 4063 580 4139 ταύτης
599 4063 632 4124 τὸ
648 4062 682 4124 ἐν
697 4070 760 4129 ταῖς
778 4063 905 4144 πράξεσι
925 4072 983 4128 τῶν
1003 4068 1146 4130 διακόνων
1164 4070 1259 4146 ὄνομα
1278 4068 1467 4152 ε’ξειλήφασι.
1489 4075 1524 4135 τὰ

476 4161 550 4225 αὐτὰ
570 4166 686 4228 οὖνκαὶ
708 4166 801 4229 πόλιν
822 4166 958 4247 λέγεινῆ
978 4168 1108 4249 γράφειν
1125 4170 1178 4231 οὐκ
1198 4172 1373 4251 ἀναγκαῖον.
1414 4176 1523 4237 Canon

475 4274 583 4329 autem
607 4267 702 4350 hujus
724 4270 853 4331 Concilii
872 4270 1023 4354 appellati
1050 4270 1194 4334 Troliooi
1217 4271 1340 4356 incipit,
1360 4272 1485 4354 Ἐπειδὴ
1506 4276 1524 4354 ἡ

476 4372 534 4429 τῶν
548 4365 683 4447 πράξεων
703 4373 815 4448 βίβλος
830 4374 905 4433 lma
925 4373 1077 4439 διακόνους
1093 4373 1150 4435 ὑπὸ
1170 4378 1229 4436 τῶν
1243 4374 1426 4439 ἀποστόλων
1440 4401 1523 4440 κατα·
