4092 5150
593 417 636 481 te
928 417 1309 481 ANNOTATIONES

591 587 728 651 fortasse
753 608 792 650 ex
822 589 1031 653 antecedente
1055 610 1131 652 voce
1157 595 1302 670 καρτερῶς
1330 588 1417 653 inter
1444 588 1638 652 scribendum

591 697 706 753 ortum.
755 690 794 753 In
810 712 848 754 eo
864 697 902 757 ὣς
916 712 980 753 non
994 699 1095 754 extat.

635 792 673 854 P.
683 813 736 871 44.
751 791 771 854 l.
787 811 836 855 10.
854 795 888 854 ἐν
909 793 944 870 τῇ
964 791 1075 876 Λιβιίρ]
1091 793 1166 856 MS.
1182 791 1287 855 Nanii
1302 793 1387 878 ἐντῇ
1406 794 1507 877 Λιβύῃ
1526 786 1638 854 habeta

592 890 780 956 Gallandius
795 894 937 970 notavit;
952 893 1039 978 ουίρο
1054 894 1136 957 enim
1148 895 1241 959 abest
1252 892 1417 969 articulus,
1429 913 1524 976 quem
1536 892 1640 977 scripti

591 995 671 1059 dant
686 995 851 1058 Bodlcieni
864 1017 961 1059 omnm
975 1005 1093 1080 praeter
1106 995 1294 1060 Recolimcn.
1311 999 1352 1059 62
1353 1011 1386 1079 5.

637 1096 721 1160 Ibid.
738 1097 758 1160 l.
777 1118 824 1160 11.
848 1099 1131 1178 συμμαρτυρούντων
1154 1097 1264 1180 αὐτοῖς]
1291 1098 1397 1164 Αὗτοῖς
1416 1097 1538 1171 addidi,
1559 1097 1639 1182 quod

591 1196 678 1282 ουίρο
700 1199 801 1275 abest,
816 1220 866 1261 acc
887 1220 963 1263 usus
984 1200 1098 1263 Mutis.
1145 1199 1256 1263 Habet
1277 1199 1544 1283 OEcolampadius
1565 1221 1638 1285 quo·

592 1321 662 1383 que,
684 1299 815 1363 macinae
836 1322 903 1363 ουιιι
924 1311 951 1364 ct
972 1301 1085 1386 reliqui
1097 1302 1220 1385 fratres
1232 1301 1273 1364 de
1295 1301 1356 1364 illis
1377 1310 1529 1365 teneam
1575 1302 1640 1364 Ad-

591 1402 693 1465 ditum
706 1403 802 1465 αὐτῶν
817 1402 850 1465 in
864 1402 928 1466 ced.
944 1406 1013 1487 196.
1059 1403 1150 1466 Nunc
1166 1402 1290 1466 invenio
1305 1403 1337 1466 iu
1352 1402 1485 1466 Pedalie
1500 1404 1607 1470 αὐτοῖς.

636 1505 720 1567 Ibid.
735 1504 755 1567 l.
770 1525 818 1589 13.
841 1506 981 1569 δύνανται
1004 1505 1081 1570 εἶναι
1103 1508 1137 1569 ἐν
1159 1510 1194 1584 τῇ
1215 1503 1395 1588 λειτουργίᾳ]
1414 1506 1488 1568 Hoc
1504 1525 1569 1568 non
1583 1519 1640 1580 est,

592 1609 858 1694 quemadmodum
884 1607 987 1671 locum
1012 1606 1080 1670 vult
1105 1606 1235 1691 quidam
1259 1605 1474 1690 interpretari,
1497 1605 1639 1691 ίὶίυιγίο,

590 1712 662 1786 sice,
678 1709 827 1794 dyptichis
841 1709 1054 1786 aeclesiasticis,
1070 1709 1214 1773 eumen
1232 1731 1300 1773 case.
1344 1708 1466 1772 (lontra
1487 1716 1578 1773 reete
1591 1730 1642 1773 ex·

592 1813 683 1898 ponit
707 1811 866 1886 Balsam0,
890 1813 1043 1893 κληρικοὺς
1064 1815 1120 1890 μὲν
1140 1814 1238 1885 ὄντος,
1265 1810 1409 1875 εἶναικαὶ
1429 1808 1523 1873 πάλιν
1547 1811 1583 1873 ἐν
1603 1812 1642 1893 τᾷ

591 1917 689 1998 οἰκείῳ
709 1918 816 1998 βοθμῷ
838 1917 853 1976 d
877 1917 974 1978 κανὼν
994 1916 1158 1995 διορίζεται.
1198 1914 1317 1978 Itidem
1339 1934 1437 1996 agens
1458 1911 1500 1975 de
1521 1911 1642 1976 clericis

591 2015 752 2099 laicisque,
769 2023 842 2098 post
858 2016 1007 2079 nonnulla
1020 2018 1062 2081 ab
1077 2017 1138 2081 illis
1152 2016 1298 2081 similiter
1311 2023 1395 2089 acta,
1412 2013 1524 2078 Canon
1537 2017 1641 2097 Acce

591 2118 665 2180 rani
682 2116 812 2180 Consilii
827 2118 942 2181 tertius
956 2118 1053 2182 laicos
1068 2140 1193 2203 quoque
1208 2116 1376 2204 permittit,
1392 2115 1445 2199 qui
1461 2114 1642 2199 hujusmodi

592 2219 774 2284 necessitati
790 2221 925 2304 subjecti
940 2230 1057 2294 essent,
1073 2221 1258 2302 προάγεσθαι
1274 2223 1316 2286 είς
1334 2217 1425 2296 τάξιν,
1441 2224 1475 2280 et
1490 2220 1642 2301 προχειρί-

593 2323 705 2400 ζεσθαι.
732 2321 877 2406 Denique
892 2344 963 2385 cum
975 2321 1053 2385 dicit
1067 2322 1108 2385 de
1123 2321 1244 2386 clericis
1259 2321 1325 2405 ipse
1336 2320 1452 2383 Petrus
1467 2318 1501 2382 in
1513 2318 1644 2383 Oenone

592 2446 650 2488 suo
666 2424 712 2487 X.
729 2424 863 2508 eosqui,
880 2433 916 2488 ut
938 2424 1034 2487 fidem
1056 2445 1145 2488 suam
1167 2423 1380 2488 Christianam
1400 2420 1644 2498 confiterentur,

592 2525 728 2590 officium
744 2547 868 2589 sacrum
884 2535 997 2612 sponte
1012 2525 1225 2612 reliquissent,
1239 2532 1274 2591 ct
1294 2535 1405 2612 postea
1423 2524 1503 2610 lapsi
1525 2531 1646 2603 ment,

592 2631 638 2692 ὅτι
658 2629 711 2693 οὐκ
736 2632 819 2692 ἔστιν
834 2631 962 2710 εὔλογον
978 2631 1012 2692 ἐν
1034 2630 1069 2707 τῇ
1090 2629 1260 2711 λειτουργίᾳ
1283 2628 1369 2702 εἶναι,
1384 2628 1516 2713 perinde
1531 2636 1585 2692 est
1608 2650 1646 2692 aa

592 2730 618 2793 si
635 2730 750 2793 Latine
765 2730 909 2805 dixisset,
923 2731 1091 2794 minsterii
1104 2751 1190 2793 acccc
1205 2729 1328 2793 nainince
1342 2739 1468 2815 ροειυυί
1481 2731 1596 2815 junqi,
1611 2731 1646 2794 ci

592 2835 731 2897 δύνανται
745 2838 938 2912 λειτουργεῖν.

638 2933 822 2997 Ibid.l.16.
847 2936 889 3000 εἰς
906 2933 1014 3018 μάτην]
1036 2932 1142 2997 Gloss.
1165 2937 1237 2999 Vet.
1260 2938 1313 3001 Eis
1335 2934 1577 3014 adsentientis.
1602 2936 1645 2999 In

592 3059 729 3102 οοουυνι.

636 3139 719 3203 Ibid.
734 3138 755 3201 l.
775 3139 820 3201 18.
841 3143 921 3218 παρὰ
940 3144 1181 3219 συλλειτουργῶν
1200 3138 1293 3201 πάλιν
1311 3139 1439 3222 ἥκουσα]
1464 3138 1536 3203 MS.
1556 3138 1642 3203 Nan.

592 3245 672 3322 παρὰ
687 3248 927 3322 συλλειτουργῶν
947 3242 1040 3304 πάλιν
1061 3241 1182 3319 ἤκουσα,
1199 3240 1382 3324 τοχθήσεται
1401 3244 1435 3305 ἐν
1450 3248 1513 3309 τοῖς
1531 3244 1642 3321 ὃμολο·

592 3351 704 3425 ymnis.
724 3344 903 3407 GALLAND.
950 3344 990 3405 In
1005 3343 1097 3407 editis
1118 3351 1166 3406 est
1189 3342 1282 3406 πάλιν
1303 3341 1515 3424 ταχθήσονται,
1538 3364 1643 3427 neque

592 3445 727 3507 enimin
748 3445 787 3508 iis
807 3444 923 3529 legitur
944 3445 1037 3508 πάλιν
1060 3454 1135 3509 aute
1159 3444 1281 3522 ἤκουσα,
1300 3444 1383 3527 quod
1399 3452 1507 3507 tamen
1527 3443 1560 3506 in
1583 3467 1642 3508 cm·

591 3547 679 3611 nidus
700 3549 821 3632 scriptis
839 3548 911 3611 υιοίι
925 3546 1106 3610 Βοιίίνίονιίυ
1124 3545 1237 3609 inveni.
1286 3547 1385 3608 Porro
1402 3545 1589 3628 ταχθήσεται
1610 3547 1642 3609 in

592 3650 711 3714 eisdem
723 3650 846 3735 scriptis
857 3657 959 3725 extat,
972 3649 1157 3731 adduntque
1174 3646 1318 3711 similiter
1329 3648 1439 3711 codices
1450 3646 1642 3732 particulam

591 3754 635 3827 δὲ,
651 3774 746 3836 quam
768 3754 870 3816 locum
892 3752 1048 3836 refingens
1068 3749 1203 3814 restitui.
1248 3748 1340 3813 Nunc
1355 3771 1479 3834 quoque
1499 3771 1539 3813 ex
1557 3749 1643 3813 Her-

592 3853 656 3916 veti
671 3855 926 3938 Interpretatione
941 3853 1016 3916 mihi
1033 3860 1170 3928 constat,
1187 3852 1331 3916 extitisse
1351 3852 1382 3913 in
1401 3852 1500 3915 codice
1517 3852 1644 3917 Tilicnc

592 3955 685 4018 πάλιν
699 3977 770 4018 cum
785 3956 899 4035 ἤκουσα
921 3957 1136 4039 conjunctum,
1151 3976 1212 4017 non
1234 3976 1305 4017 cum
1323 3952 1521 4036 ταχθήσετιιι;
1541 3963 1644 4040 atque

592 4054 635 4117 ibi
661 4056 854 4138 τοχθήσεται,
883 4079 945 4119 non
971 4056 1183 4138 raxdvicovcac,
1210 4062 1370 4139 repertum
1394 4077 1471 4119 esse.
1518 4056 1644 4122 Similia

593 4157 714 4239 praebet
725 4157 959 4243 OEcolampadii
972 4181 1097 4243 quoque
1110 4158 1333 4243 Interpretatio.
1362 4156 1505 4220 Tandem
1515 4156 1644 4224 invenio

592 4256 736 4320 extantia
751 4257 783 4319 in
799 4259 929 4323 Ρνιίαίίο
943 4260 1036 4322 πάλιν
1050 4260 1174 4339 ἥκουσα,
1190 4269 1223 4324 et
1237 4259 1429 4342 anxiricum.

638 4358 674 4421 Ρ.
687 4378 740 4440 45.
760 4358 779 4421 l.
794 4379 825 4438 4.
850 4362 1067 4446 πραϋπαθείαν]
1091 4361 1161 4441 Quo
1184 4361 1294 4424 melius
1316 4361 1410 4424 lectio
1433 4384 1509 4425 vera
1533 4372 1647 4429 textus
