4092 5150
583 412 604 472 4
832 409 864 471 S.
890 407 1136 471 LUCIANUS
1160 406 1381 470 MARTYR.

582 586 677 653 stupori
689 580 894 653 προασήεεααν,
905 580 1073 651 παρατρέψαι
1086 580 1133 633 τὸν
1147 580 1175 634 ἐν
1193 580 1281 636 αὐταῖν
1298 584 1359 636 ναῦν
1377 583 1573 652 πειρασαμίναν
1586 583 1628 635 καὶ

582 679 652 733 πολὺ
665 678 697 733 τὸ
710 678 834 745 κ1βδηλον
843 677 871 730 ἒν
880 674 985 732 ταύταις
998 675 1171 746 σπειράντων,
1186 675 1263 731 αὐτὸς
1276 675 1379 733 ἁπάσας
1390 676 1529 743 ἀναλαβὼν
1541 677 1569 731 ἐκ
1582 679 1629 746 τῆς

581 770 719 846 Ἐβραῖδοε
732 772 892 826 ἀνενεώσατο
910 773 1037 844 γλόπηε,
1051 770 1082 840 ἣν
1100 771 1233 839 κα1αὖτὴν
1250 769 1397 842 ἦκρεβωεὸς
1417 772 1444 829 is
1461 774 1494 826 τὸ
1510 775 1628 842 μάλιστα

582 868 622 939 ἦν,
637 872 717 923 πόνον
730 872 762 937 τῇ
776 867 953 939 ermpertus
965 868 1095 921 πλεῖστον
1104 867 1322 938 εἰσενεγκάμενος.
1355 867 1409 923 Per
1423 876 1514 924 totam
1525 868 1627 925 Asiam

582 964 722 1021 minorem
737 983 754 1020 a
768 959 1022 1038 Constantinopoli
1041 979 1134 1036 usque
1148 959 1184 1018 ud
1203 958 1390 1019 Antiochiam
1405 962 1529 1020 Luciani
1545 963 1628 1020 Mar.

582 1058 655 1138 tyris
672 1056 887 1135 exemplaribus
906 1076 974 1115 usos
992 1055 1062 1114 olim
1078 1055 1268 1120 Christianos,
1283 1067 1408 1114 testatur
1429 1057 1628 1136 Hieronymus

582 1154 664 1232 praef.
679 1154 709 1211 in
725 1151 901 1230 Paralipom.
917 1162 947 1210 et
961 1150 1012 1209 lib.
1023 1150 1055 1209 ii.
1069 1150 1100 1208 in
1113 1149 1212 1207 Rufin.
1242 1151 1364 1209 Librum
1385 1152 1454 1213 Jobi
1473 1153 1503 1210 in
1519 1153 1628 1213 Codice

583 1250 652 1308 MS.
674 1248 885 1313 Alexandrino,
897 1267 983 1324 quem
1006 1258 1123 1305 servant
1145 1245 1246 1325 Angli,
1261 1267 1297 1304 ex
1316 1247 1440 1305 Luciani
1461 1250 1628 1307 recensione

580 1344 739 1403 etiamnum
754 1363 905 1424 superesse
918 1341 1070 1401 contendit
1083 1340 1104 1398 J
1105 1363 1133 1399 ο.
1143 1340 1288 1400 Ernestns
1302 1342 1400 1401 Grabe
1411 1342 1575 1419 Prolegom.
1589 1343 1627 1401 ad

581 1451 693 1497 tomum
706 1439 750 1499 iii.
765 1439 837 1497 edit.
850 1437 950 1495 Lxx.
972 1436 1172 1515 interpretum
1183 1456 1246 1514 cap.
1255 1438 1274 1495 i.
1291 1442 1315 1510 1.
1325 1437 1353 1507 7.
1368 1457 1427 1515 seq.
1439 1439 1627 1497 Fsaarorus.

621 1532 636 1571 ‘¹
647 1533 752 1593 Brevis
761 1537 864 1591 ἔκθεσιε
875 1531 944 1590 fidei
954 1530 1033 1609 apud
1043 1530 1239 1589 Athanasium
1254 1532 1291 1590 de
1305 1532 1430 1611 Synodis
1440 1544 1514 1592 tom.
1525 1535 1545 1591 i.
1560 1555 1626 1613 pag.

581 1632 650 1689 892.
686 1632 834 1689 Socratem
846 1629 877 1685 ii.
896 1629 942 1685 10.
957 1636 988 1685 et
1002 1625 1119 1685 Soaom.
1129 1626 1171 1684 iii.
1183 1629 1212 1685 5.
1248 1628 1358 1688 Confer
1377 1630 1626 1689 Schelstratenum

580 1722 617 1784 ad
630 1721 742 1780 Concil.
755 1720 933 1779 Antiochen.
948 1739 977 1799 p.
990 1720 1058 1778 112.
1074 1739 1133 1797 seq.
1148 1719 1336 1781 Faanrcrus.
1372 1724 1420 1781 De
1430 1724 1485 1782 hoc
1495 1724 1627 1803 symbolo

580 1817 720 1875 nonnulla
733 1817 854 1898 posthac
867 1826 1061 1874 annotaturus
1070 1835 1134 1874 sum
1145 1815 1181 1874 ud
1191 1816 1316 1876 Luciani
1327 1819 1488 1897 Reliquias.
1516 1820 1624 1879 Itidem

578 1922 746 1988 nuncupata
765 1932 782 1969 a
805 1909 915 1969 Rufino
933 1910 969 1969 de
976 1910 1047 1987 fide
1065 1920 1111 1969 est
1133 1912 1315 1989 oratioque
1340 1913 1438 1973 habita
1457 1934 1474 1971 a
1494 1915 1626 1974 Lucieno

579 2006 748 2085 pauloante
761 2005 939 2085 Martyrium
953 2005 1015 2066 huc
1029 2005 1106 2065 inter
1116 2005 1283 2065 collocatur.
1592 1992 1594 1996 ’

621 2103 688 2161 ⁰A.
706 2104 777 2161 311.
813 2102 893 2161 Vide
917 2102 1125 2162 Combetisium
1149 2102 1187 2161 sd
1209 2103 1241 2162 S.
1252 2104 1378 2163 Maximi
1397 2125 1485 2185 opera
1506 2117 1579 2166 tom.
1594 2108 1626 2166 ii.

578 2218 644 2277 pag.
656 2196 726 2263 718.
746 2196 825 2256 Acta
838 2199 969 2257 Sanctor.
985 2197 1014 2264 7.
1025 2197 1149 2257 Januar.
1164 2217 1229 2277 pag.
1240 2198 1311 2265 3117.
1326 2220 1386 2278 seq.
1401 2200 1624 2260 Tillemontium

576 2305 648 2352 tum.
662 2293 699 2351 ir.
720 2312 840 2352 memor.
859 2295 910 2352 dic.
933 2294 1121 2353 Fannrcws.
1162 2295 1367 2374 Hieronymus
1388 2317 1452 2377 cap.
1467 2297 1515 2364 78.
1537 2300 1628 2375 hujus

579 2388 662 2447 Libri
676 2389 713 2447 de
730 2388 807 2447 Viris
822 2389 871 2446 Ill.
891 2389 921 2448 iu
945 2389 1062 2450 Christo
1082 2390 1177 2469 cupite
1196 2399 1347 2451 truncatas
1362 2393 1515 2466 (Phileas)
1532 2395 1625 2453 eodem

578 2479 607 2545 in
634 2485 760 2563 AEqypto
780 2484 988 2563 persecutionis
1011 2494 1136 2552 anctore,
1162 2507 1216 2565 quo
1244 2487 1354 2566 [capite
1376 2499 1529 2549 truncatus
1550 2493 1622 2565 est,]

536 2585 538 2588 ⁴
584 2581 731 2640 Luciunus
746 2581 925 2641 Nicomedia.
