4092 5150
486 413 529 479 64
831 416 1187 483 ANNOTATIONES

484 586 661 668 ὑπόλειμμα,
690 588 773 673 quod
797 599 870 674 post
897 588 1056 653 Harduini
1077 597 1216 655 mortam
1241 589 1350 667 edidit,
1376 599 1414 655 ut
1438 590 1533 676 paolo

483 690 676 774 supradixi,
697 691 802 776 Scipio
827 692 956 763 Maffei;
980 693 1022 756 ad
1046 715 1142 778 quam
1164 692 1290 778 quidem
1313 693 1533 779 episcoporum

485 792 711 876 AEgyptiomm
726 793 767 857 ad
781 794 864 856 hunc
878 793 1044 858 Meletium
1057 794 1222 879 epistolam
1239 795 1381 859 nonnihil
1393 796 1436 860 de
1448 796 1533 860 clero

484 895 661 977 poenitente
673 896 706 958 in
721 896 754 959 S.
768 897 897 958 Pernen
913 896 1115 981 Fragrnentis
1130 897 1306 962 afferenms.

529 997 560 1059 P.
573 1000 627 1082 36.
644 998 663 1061 l.
679 1018 704 1061 1.
723 997 919 1083 ἓξαντλήσας]
946 999 1018 1063 Hoc
1040 1021 1100 1084 pro
1122 1002 1268 1079 ἐξανύσας
1289 1000 1321 1062 in
1345 1008 1531 1066 contextum

480 1099 651 1164 admittere
675 1102 779 1186 coegit
803 1124 853 1165 me
878 1102 1055 1167 auctoritas
1081 1102 1195 1167 saltem
1217 1112 1325 1188 septem
1349 1104 1532 1188 emptorem

481 1203 571 1268 aaa.
581 1203 777 1289 aliorumque
788 1204 917 1267 deornm
928 1204 1012 1268 codd.
1028 1205 1211 1269 Ooiclinioni
1222 1213 1255 1270 et
1266 1206 1425 1282 Noniani,
1436 1227 1531 1293 quem

480 1307 689 1390 posteriorem
703 1307 890 1372 memoravit
906 1305 1105 1372 Galiandius.

525 1409 607 1472 lbid.
628 1409 648 1472 l.
673 1430 718 1473 10.
748 1408 979 1489 ἐπεδικαζόμενοι
1003 1415 1053 1490 τῆς
1075 1408 1272 1495 λειτουργίας]
1295 1409 1345 1475 De
1367 1412 1531 1477 ministerii

480 1513 621 1576 asneitio
639 1512 714 1596 jere
733 1521 859 1597 ayentn,
881 1536 947 1590 seu,
970 1514 1178 1577 contendentes.
1224 1513 1287 1577 Hae
1314 1514 1397 1578 enim
1424 1538 1528 1593 voces,

479 1624 697 1699 contraquam
710 1623 838 1678 vertunt
849 1614 1050 1699 interpretes,
1064 1616 1148 1679 inter
1158 1637 1191 1678 so
1203 1614 1433 1700 conjungendas
1443 1626 1527 1683 suot.

524 1718 607 1782 Ibid.
624 1717 644 1782 l.
659 1740 706 1798 14.
723 1721 771 1782 ἐπὶ
787 1719 822 1803 τῇ
837 1717 1000 1804 παραλόγῳ
1021 1720 1118 1782 αὐτῶν
1138 1716 1256 1802 πράξει]
1275 1718 1439 1784 Zonarast
1464 1727 1528 1786 Πα·

478 1820 612 1902 ράλογον
627 1825 744 1901 πρῖιξιν,
760 1822 794 1883 οὐ
809 1821 842 1883 τὸ
858 1821 1063 1900 αὐτομολῆσαι
1076 1819 1170 1899 μόνον
1186 1826 1296 1895 καλῶν,
1313 1824 1394 1886 ἀλλὰ
1408 1828 1528 1903 μᾶλλον

479 1923 513 1986 τὸ
530 1930 705 1986 καταλιπεῖν
719 1923 753 1985 τὸ
768 1924 906 2002 ποίμνιον
920 1929 972 1986 rori
989 1926 1107 2004 Κυρίου,
1127 1924 1174 1987 καὶ
1193 1925 1233 2003 μῖι
1252 1924 1435 2005 παραμένειν
1450 1928 1528 2014 αι’πᾷ

480 2025 527 2087 καὶ
556 2024 704 2104 στηρίζειν
730 2023 797 2089 τοὺς
823 2023 972 2103 ἀδελφοὺς
996 2020 1213 2100 κλονονμέυους
1239 2025 1273 2087 ἓν
1297 2025 1337 2108 τῷ
1363 2030 1452 2110 καιρῷ
1476 2033 1527 2090 τοῦ

479 2131 615 2207 διωγμοῦ.
662 2124 711 2188 Ut
726 2146 799 2187 vero
815 2124 847 2186 in
863 2124 992 2187 Oenone
1007 2124 1169 2208 superiore
1184 2125 1322 2188 dandam
1338 2126 1425 2191 laicis
1440 2150 1525 2192 oom-

478 2228 658 2291 munioncm
684 2249 752 2291 esse
779 2226 895 2290 Petrus
924 2235 1087 2303 sanxerat,
1110 2227 1157 2290 ita
1183 2226 1234 2290 hic
1260 2228 1373 2292 laicam
1399 2229 1526 2314 quidem

478 2330 729 2395 communionem
745 2329 864 2394 clericis
880 2330 1034 2406 coneedit,
1050 2331 1111 2394 etsi
1129 2352 1187 2393 sua
1205 2338 1319 2416 sponte
1334 2352 1403 2395 sese
1423 2354 1527 2417 perse·

477 2434 639 2498 autoribus
654 2432 853 2497 obtulissent.

410 2586 411 2589 η
521 2535 601 2600 lbid.
619 2535 638 2599 l.
655 2554 703 2620 15.
723 2534 1008 2620 περπερευσιίμενοι]
1032 2533 1192 2600 Zonaras:
1222 2536 1410 2617 Περπερείαν
1432 2533 1456 2600 δ’
1480 2538 1526 2602 ἐν

476 2645 570 2703 ταΰθα
584 2639 638 2717 τὴν
653 2641 762 2718 οἴησιν,
777 2641 825 2701 καὶ
846 2638 901 2716 τὴν
923 2640 1102 2716 ἀλαζονείαν
1119 2644 1213 2702 καλεῖ·
1231 2640 1277 2702 ὅτι
1292 2640 1324 2717 ἐξ
1339 2640 1525 2714 ἀλαζονείας,

477 2740 647 2822 ε’θάῤῥησαυ
662 2742 784 2814 ἑαυτοῖς,
802 2740 914 2803 καὶτὸν
929 2741 1031 2821 ἀγῶνα
1046 2740 1202 2804 octavam
1217 2742 1265 2804 καὶ
1281 2740 1402 2806 ἑαυτοὺς
1413 2739 1526 2820 ἕμιιμή·

476 2869 578 2918 σαντα,
596 2843 661 2906 ἀντὶ
679 2846 731 2903 τοιῖ
746 2845 794 2904 διὰ
810 2841 863 2918 τὴν
878 2847 990 2904 πτῶσιν
1007 2846 1110 2919 μῶμον
1131 2842 1296 2923 ἐπένεγιιαν
1317 2842 1444 2916 ἑαυτοῖς,
1459 2842 1526 2905 οὐκ·

477 2947 520 3009 ε’τι
535 2948 675 3009 δύνανται
696 2949 890 3024 λειτουργεῖν.
913 2942 958 3006 διὸ
973 2942 1222 3024 φροντιζέτοσαν,
1239 2943 1335 3024 λέγει,
1350 2948 1473 3022 μᾶλλον
1492 2945 1526 3008 ἐν

475 3049 746 3128 ταπεινοφροσύνῃ,
761 3051 822 3112 πῶς
843 3045 1036 3107 ἐκτελέσουσι
1057 3043 1110 3123 τὴν
1128 3045 1293 3126 ὁμολογίαν
1313 3044 1436 3123 δηλαδὴ,
1452 3070 1526 3108 που·

475 3149 601 3228 σόμενοι
623 3153 673 3226 τῆς
695 3149 862 3226 κενοδοξίας
896 3148 930 3210 τὸ
953 3150 1011 3228 γὰρ
1034 3149 1223 3229 λειτουργίαν
1243 3153 1347 3226 ζητεῖν,
1372 3149 1420 3209 διὰ
1443 3171 1525 3210 κενο-

475 3255 585 3330 δοξίαν,
603 3253 687 3332 φησὶ,
711 3255 834 3331 γίνεται.
881 3249 930 3311 Do
953 3270 1028 3312 voce
1051 3249 1187 3312 Paulina
1208 3251 1467 3329 περπερευόμευοι,
1491 3257 1525 3313 et

475 3353 652 3437 conjunctis
674 3351 750 3437 cjua
767 3362 983 3436 exposuerunt
997 3373 1068 3414 cum
1092 3352 1156 3424 alii,
1174 3362 1243 3416 tum
1266 3352 1302 3415 cl.
1320 3350 1377 3414 viri
1402 3352 1524 3437 Bange-

474 3454 535 3517 lins
554 3456 595 3518 ad
617 3455 761 3539 Gregorii
787 3454 928 3519 Neocaes.
955 3456 1040 3518 Orat.
1065 3456 1109 3519 ad
1129 3454 1285 3539 Oripenern
1304 3476 1377 3539 pag.
1396 3473 1466 3532 ¹41·
1490 3464 1524 3519 et

474 3557 506 3619 J.
520 3556 556 3619 F.
573 3555 761 3620 Schleusner
775 3556 806 3618 in
823 3557 934 3619 Lenico
950 3556 1213 3641 praestantissimo
1228 3577 1286 3619 suo
1301 3555 1386 3618 Novi
1405 3555 1483 3618 Test.

518 3659 602 3722 loia
616 3659 636 3720 l.
652 3678 697 3738 17.
721 3664 783 3725 πῶς
804 3656 1013 3741 ἐκτελέσασαι]
1038 3657 1137 3722 Recte
1160 3656 1364 3742 interpretati
1388 3679 1457 3720 esse
1481 3657 1523 3721 vi·

474 3763 591 3825 dentur
605 3761 748 3824 Zonaras
763 3771 796 3824 ot
812 3760 969 3834 Balaam,
986 3766 1047 3826 πῶς
1068 3761 1270 3831 ἒκτελέσουσι,
1288 3759 1341 3836 τὴν
1357 3759 1524 3840 ὁμολογίαν

474 3865 595 3944 δηλαδὴ,
613 3886 675 3947 quo
698 3864 858 3948 pertinent
881 3861 934 3924 illa
956 3862 996 3925 ad
1017 3862 1155 3926 Cononis
1175 3861 1289 3930 finem3
1314 3882 1415 3944 noque
1438 3861 1522 3923 enim

475 3974 560 4031 recta
583 3966 688 4051 posuit
711 3964 911 4051 Boveregius,
929 3964 1070 4049 quomodo
1092 3963 1126 4026 ιἰι
1148 3962 1319 4026 Ιιιιαιῖίῖίιιίυ
1339 3963 1434 4026 citam
1449 3985 1522 4047 ραν-

473 4077 576 4154 apem,
593 4089 663 4131 cum
679 4067 790 4129 melius
805 4066 951 4130 vertisset
965 4065 1136 4143 Henetus,
1147 4063 1288 4149 qnorncdo
1302 4065 1337 4127 io
1351 4063 1522 4128 Ιιιυυίίῖίαία

473 4171 679 4255 confessiorem
688 4178 851 4254 ραναραιιι.

516 4273 553 4336 Ρ.
563 4289 615 4357 37.
633 4271 653 4334 Ι.
663 4291 695 4355 3.
712 4269 868 4354 γινομένη]
886 4270 978 4334 Ειίίίὶ
992 4270 1158 4353 γινομένης.
1204 4271 1265 4333 Sed
1282 4269 1388 4354 potior
1401 4268 1521 4332 estlea-

472 4377 528 4451 tio‚
552 4396 645 4459 quam
669 4383 824 4457 praestant
839 4373 1003 4436 Bodleicnn‘
1022 4395 1124 4436 nocem
1144 4393 1248 4446 omnes,
1269 4381 1302 4434 et
1323 4370 1418 4434 υαιοῖο
1440 4371 1521 4434 Her·
