4092 5150
910 396 941 455 Ξ.
969 395 1187 455 l‘llILlfiilS'.
1529 399 1571 462 89

518 565 727 642 διετείνοντο
745 572 817 643 πᾶν
836 566 954 660 μέλος·
986 562 1046 643 εἶθ’
1068 569 1178 647 οὕτως
1200 564 1256 643 διὰ
1272 565 1405 648 παντὸς
1420 575 1482 643 τοῦ
1497 567 1571 645 σώ-

517 732 631 796 ματος
651 701 786 799 ἐπῆγον
806 703 843 776 ἐκ
863 699 1058 781 κελεόσεως
1075 705 1106 777 οἱ
1132 704 1367 791 βασανισταὶ,
1390 704 1430 778 οὐ
1456 702 1568 779 καθό-

516 870 585 937 περ
604 846 678 919 τοῖς
695 846 866 941 φονεῦσιν
886 840 943 915 ἐπὶ
969 844 1040 915 τῶν
1063 846 1230 939 πλευρῶν
1255 836 1375 934 μόνον,
1395 838 1494 917 ἀλλὰ
1514 844 1571 917 καὶ

517 976 583 1067 τῆς
602 970 764 1070 γαστρὸς
781 977 837 1050 καὶ
857 981 999 1070 κνημῶν
1019 979 1077 1051 καὶ
1092 981 1247 1074 παρειῶν
1262 982 1334 1056 τοῖς
1348 977 1571 1075 ἀμυντηρίοις

489 1104 700 1207 5ἐκόλυζον
733 1108 842 1207 ἕτεροι
862 1110 899 1186 δέ
917 1108 989 1188 ἀπὸ
1007 1115 1072 1207 τῆς
1090 1118 1201 1193 στοᾶς
1220 1118 1301 1205 μιᾶς
1321 1109 1435 1213 χειρὸς
1459 1114 1566 1216 ἐξηρ-

515 1240 661 1337 τημένοι
684 1248 886 1341 αἰωροῦντο,
906 1241 1028 1341 πόσης
1054 1244 1253 1344 ἀλγηδόνος
1282 1245 1479 1345 δεινότερον
1504 1245 1568 1343 τὴν

515 1375 591 1453 ἀπὸ
610 1382 682 1453 τῶν
701 1377 843 1478 ἄρθρων
865 1382 923 1456 καὶ
946 1385 1067 1474 μελῶν
1092 1378 1198 1457 τοίσιν
1222 1379 1372 1481 ἔχοντες·
1404 1381 1513 1459 ἄλλοι
1532 1382 1569 1459 δέ

515 1509 609 1610 πρὸς
627 1518 699 1592 τοῖς
718 1512 836 1588 κίοσιν
860 1511 1128 1613 ἀντιπρόσωποι
1154 1515 1306 1610 ἐδοῦντο,
1326 1517 1366 1591 οὐ
1391 1513 1568 1613 βεβηκόσι

515 1653 590 1726 τοῖς
608 1649 708 1741 ποσὶ,
728 1651 778 1751 τῷ
798 1646 835 1724 δέ
853 1647 955 1747 βάρει
975 1648 1225 1745 τοῦσώματος
1243 1649 1460 1751 βιαζομένων
1478 1650 1568 1746 μετὰ

473 1778 656 1860 ιοτιίσεως
672 1782 916 1878 ἀνελκομένων
930 1790 1001 1860 των
1021 1787 1175 1879 δεσμῶν.
1198 1788 1255 1861 καὶ
1269 1787 1363 1863 τοῦθ’
1386 1785 1566 1881 ὑπέμενον,

515 1916 580 1991 οὐκ
599 1915 656 2015 ἐφ’
677 1912 767 1992 ὅσον
785 1917 1075 2016 προσδιελέγετο,
1094 1919 1165 1995 οὐδ’
1187 1920 1304 1999 αὐτοῖς
1328 1917 1523 2019 ἐσχόλαζεν
1546 1921 1565 1996 ὁ

515 2050 670 2148 ἡγεμὼν,
690 2049 790 2128 ἀλλὰ
807 2055 997 2155 μονονουχὶ
1016 2054 1058 2130 δι’
1080 2052 1167 2150 ὅλης
1184 2058 1245 2150 τῆς
1259 2055 1399 2152 ἡμέρας.
1424 2052 1482 2130 ὅτε
1496 2052 1567 2152 γὰρ

515 2190 574 2264 καὶ
589 2187 644 2288 ἐφ’
665 2187 803 2286 ἐτέρους
817 2187 1008 2282 μετέβαινε,
1023 2197 1095 2268 τοῖς
1108 2188 1293 2288 προτέροις
1308 2189 1566 2283 κατελίμπανεν

513 2320 714 2425 ἐφεδρεύειν
734 2321 814 2403 τοὺς
833 2328 877 2425 τῇ
897 2322 1043 2427 ἐξουσίᾳ
1062 2325 1170 2400 αὐτοῦ
1195 2323 1503 2423 ὑπηρετουμένους·
1538 2324 1571 2399 εἴ

473 2490 481 2527 ι
487 2488 586 2546 5που
604 2459 657 2537 τίς
676 2456 835 2553 ἡττηθεὶς
854 2463 926 2533 τῶν
939 2457 1113 2550 βασάνων
1132 2455 1302 2534 ἐνδιδόναι
1320 2456 1442 2534 ἐδόκει.
1465 2458 1566 2560 ἀφει-

514 2594 585 2672 δῶς
597 2589 635 2669 δέ
649 2590 802 2670 κελεύων
821 2597 877 2669 καὶ
896 2600 968 2676 τοῖς
987 2597 1133 2688 δεσμοῖς
1151 2592 1337 2692 προσιέναι
1354 2594 1425 2685 (for.
1441 2626 1560 2693 προσ-

513 2730 654 2829 diioui),
671 2731 729 2805 καὶ
747 2736 947 2824 μεταταῡτα
965 2730 1286 2832 ψυχορραγοῦντας
1305 2725 1432 2809 αὐτοὺς
1449 2761 1560 2804 κατα-

512 2860 715 2957 τιθεμένους
727 2868 774 2944 εἱς
785 2864 851 2959 τὴν
862 2866 931 2961 γῆν
941 2863 1121 2941 ἕλκεσθαι·
1142 2862 1267 2962 οὐγὰρ
1280 2859 1367 2939 εἶναι
1380 2859 1447 2966 κᾷν
1460 2862 1564 2962 μέρος

513 3071 676 3130 debentur:
699 3093 731 3131 ac
752 3073 857 3130 deinde
880 3073 1013 3130 universa
1065 3072 1129 3130 cula
1143 3074 1286 3150 gravitate
1305 3093 1458 3150 corporum
1478 3073 1561 3130 adac-

469 3167 505 3207 ao
513 3153 645 3230 eorporis
655 3155 783 3210 membra
795 3154 935 3211 machinis
949 3154 1013 3229 qui·
1065 3166 1104 3217 tn,
1114 3154 1448 3211 acriusintenderentur.
1463 3153 1565 3230 Atque

513 3231 637 3289 busdam
647 3232 896 3290 distendebantur.
929 3234 1012 3290 Post·
1064 3234 1094 3290 id
1106 3233 1268 3292 tolerabant
1281 3254 1337 3290 non
1353 3232 1446 3290 solum
1462 3253 1563 3309 quam.

513 3313 575 3369 baec
588 3324 716 3370 tortores
729 3314 813 3389 jussu
825 3313 933 3389 judicis
949 3314 1014 3371 uni·
1065 3314 1116 3372 diu
1143 3315 1254 3372 Prnses
1277 3334 1326 3372 eos
1352 3313 1565 3389 alloquebatur,

514 3413 599 3449 verno
610 3394 723 3470 corpori
735 3417 743 3463 ς
766 3405 905 3470 nequent
921 3394 1012 3450 homi·
1065 3406 1116 3452 aut
1125 3393 1277 3452 audiendis
1286 3395 1356 3472 ipsis
1366 3395 1484 3451 vacabat
1490 3417 1499 3462 ;
1512 3393 1562 3451 sed

513 3472 589 3530 cidis
601 3472 687 3535 tolet,
703 3472 841 3531 lateribus
852 3474 1011 3531 duntaxat:
1061 3486 1128 3540 toto
1137 3475 1345 3553 propemodum
1357 3474 1412 3532 die.
1428 3474 1505 3531 Nam
1513 3474 1568 3530 ubi

469 3553 564 3626 ested
584 3553 672 3610 etiam
693 3554 798 3622 ventri,
818 3555 959 3620 eruribuS,
981 3575 1014 3613 ao
1065 3555 1100 3613 ad
1124 3554 1195 3613 alios
1219 3555 1378 3613 audiendos
1401 3555 1569 3619 transierat..

512 3633 598 3713 genia
614 3633 759 3691 cruciatus
776 3634 878 3700 ferreis
896 3635 1014 3712 ungulis
1065 3636 1213 3693 ministros
1237 3636 1322 3693 officii
1348 3635 1392 3692 sui
1417 3633 1563 3710 relinque.

505 3711 699 3771 vadhibebant.
716 3713 843 3784 Quidam
853 3713 945 3772 altera
954 3735 1011 3779 ma·
1065 3717 1124 3785 but,
1136 3716 1185 3792 qui
1204 3716 1346 3794 prioribus
1358 3715 1562 3783 imminerent3

512 3813 554 3850 nn
569 3793 607 3850 ad
627 3794 770 3871 porticum
790 3794 921 3872 suspensi
942 3815 1013 3873 pen·
1065 3797 1089 3853 si
1101 3797 1176 3853 forte
1188 3797 1253 3872 quis
1262 3807 1473 3853 tormentorum
1485 3814 1563 3851 acer·

512 3872 641 3938 debant;
685 3874 791 3951 quibus
825 3874 1012 3933 articulorum
1067 3878 1156 3934 bitate
1181 3877 1276 3934 victus
1298 3896 1315 3933 a
1340 3875 1488 3953 proposito
1513 3873 1564 3931 de.

473 3954 769 4031 3omembr0rumque
797 3955 926 4018 omnium
955 3955 1013 4014 dis-
1066 3957 1185 4014 sciscere
1197 3956 1354 4014 videretur.
1378 3954 1570 4032 Jubebatque

513 4033 610 4091 tensio
628 4037 731 4111 quovis
752 4035 882 4093 cruciatu
901 4046 963 4093 erat
982 4056 1011 4092 a·
1066 4057 1115 4094 eos
1150 4038 1258 4112 absque
1292 4035 1351 4092 ulla
1379 4036 1566 4092 miseratione

513 4114 635 4171 oerbior.
652 4113 713 4171 Alii
726 4115 857 4177 vultibus
868 4116 897 4171 in
908 4136 938 4173 se
948 4136 1010 4173 mu.
1066 4116 1191 4174 vinculis
1211 4117 1324 4193 stringi,
1338 4128 1367 4173 et
1383 4126 1482 4193 postea
1497 4133 1565 4172 cum

514 4202 568 4250 tuo
582 4194 728 4252 conversis
749 4195 785 4252 ad
804 4195 952 4254 columnas
971 4197 1011 4254 al·
1061 4198 1121 4272 jam
1143 4197 1267 4254 animam
1287 4195 1465 4258 exhalarent,
1481 4193 1562 4251 humi

515 4271 689 4348 ligabantur,
705 4268 829 4353 pedibus
845 4275 938 4333 aulum
955 4297 1012 4333 non
1064 4277 1191 4352 abjectos
1219 4276 1302 4332 trabi.
1355 4276 1461 4351 Neque
1484 4273 1560 4330 enim

479 4354 771 4431 35contingentibua;
800 4355 872 4413 adeo
894 4367 927 4413 ut
949 4357 1012 4413 vin·
1064 4358 1159 4415 aiebat
1174 4355 1218 4414 vel
1239 4357 1385 4413 minimum
1405 4354 1495 4411 nostri
1512 4373 1560 4410 cu·

559 4471 626 4512 VOL.
642 4473 685 4514 Π.
1099 4475 1119 4512 N
