4092 5150
543 412 608 478 236
629 415 652 475 J
657 410 865 479 USTELLI
889 415 954 480 ET
978 416 1243 482 BEVEREGII
1267 417 1551 486 Anno'rs'rs,

545 590 708 644 tricesimum
726 591 815 645 utatis
833 608 946 659 aarum,
961 588 1015 648 nisi
1035 592 1194 648 rationabili
1212 593 1373 649 nemositaie
1390 593 1514 667 coperia,
1531 595 1592 667 quio

546 684 686 742 Dominus
699 686 780 743 Jesus
794 706 846 744 nor
858 686 1022 764 predicavit
1038 695 1105 746 ante
1120 706 1190 746 xxx.
1204 691 1298 746 oetutis
1315 706 1428 745 annam.
1473 687 1592 766 Egbert.

545 781 668 839 Eborac.
684 782 808 861 Excerp.
824 802 887 841 can.
897 802 916 859 9
920 800 947 859 5.
977 783 1020 841 Et
1034 782 1127 843 multa
1137 803 1206 843 sane
1216 793 1319 843 extant
1333 803 1436 843 eorum
1450 783 1592 863 exempla,

546 876 597 955 qui
618 888 686 935 ante
707 879 791 937 istam
812 890 926 938 atatem
949 898 1009 936 non
1033 879 1194 958 presbyteri
1219 878 1316 950 modo,
1337 879 1390 939 sed
1411 891 1444 939 et
1468 881 1593 960 episcopi

546 975 670 1035 ordinati
685 977 816 1034 fuerunt.
852 975 930 1033 Nam
946 975 1137 1034 Eleutherins
1152 975 1262 1056 Illyrici
1276 976 1431 1055 episcopas
1446 977 1594 1036 ordinatus

547 1085 602 1142 est,
617 1094 683 1132 eum
703 1073 833 1131 nondum
848 1073 1016 1131 vicesimum
1037 1072 1130 1131 atatis
1144 1092 1252 1130 sunum
1267 1082 1469 1152 transegerat3
1490 1083 1524 1133 nt
1536 1085 1595 1133 tes·

547 1182 627 1230 tatur
641 1171 826 1249 Nicephorus
841 1169 979 1227 Callistus
991 1169 1072 1226 Hist.
1083 1168 1164 1227 Eccl.
1173 1168 1224 1227 lib.
1233 1168 1276 1229 iii.
1292 1189 1355 1248 cap.
1368 1188 1415 1247 29.
1447 1170 1491 1229 Et
1506 1171 1594 1230 Hinc-

547 1286 644 1325 marus
674 1266 846 1323 Rhomensis
868 1265 899 1322 in
924 1265 985 1322 vita
1008 1264 1039 1323 S.
1055 1264 1191 1342 Remigii,
1215 1284 1283 1323 enm
1308 1266 1447 1324 vicesimo
1470 1267 1596 1326 soeundo

548 1363 642 1420 astatis
662 1381 738 1419 anno
765 1360 1011 1439 archiepiscopum
1037 1360 1162 1419 electum
1186 1362 1298 1420 asserit.
1340 1360 1514 1431 Quinetiam
1538 1382 1595 1420 nun

548 1459 682 1516 obstante
702 1459 764 1535 ipsa
784 1457 848 1533 lege
869 1457 1009 1524 Mosaica,
1025 1456 1137 1514 Lerina
1156 1477 1174 1515 a
1196 1457 1311 1516 Doride
1332 1458 1471 1517 recensiti
1491 1469 1596 1518 sunta

549 1552 685 1611 vicesimo
700 1552 793 1610 atatis
807 1572 883 1609 sano
901 1571 912 1608 1
932 1552 1027 1609 Psral.
1037 1551 1121 1610 xxiii.
1133 1569 1181 1626 27.
1196 1563 1284 1629 atque
1297 1553 1384 1611 etiam
1397 1554 1437 1612 ab
1452 1554 1594 1620 Heaekia,

551 1669 568 1707 α
584 1648 712 1726 Paralip.
722 1650 804 1706 xxxi.
821 1667 864 1723 ¹7·
901 1648 951 1706 Sic
964 1649 1051 1706 etiam
1068 1648 1241 1708 Timotheus
1254 1649 1408 1729 episcopus
1422 1671 1441 1709 a
1452 1651 1492 1710 D.
1505 1651 1595 1709 Panlo

548 1756 662 1804 creatus
676 1745 744 1810 fuit,
759 1765 825 1802 cum
839 1744 934 1803 adhuc
945 1745 1063 1821 juvenis
1076 1756 1160 1803 esset.
1183 1764 1193 1802 1
1212 1746 1289 1803 Tim.
1302 1745 1340 1804 iv.
1357 1765 1404 1806 12.
1448 1748 1481 1806 N
1482 1748 1595 1806 imirum

549 1843 578 1901 in
601 1842 679 1900 hisce
693 1842 779 1901 rebus
796 1862 855 1898 non
874 1852 932 1900 tam
951 1843 1045 1900 atatis
1065 1862 1151 1920 qnam
1173 1843 1291 1921 pietatis
1311 1857 1343 1902 et
1363 1843 1506 1903 doctrinm
1525 1844 1595 1903 ratio
1700 1880 1709 1900 .

549 1938 681 1996 habenda
695 1949 748 1996 est.
792 1939 834 1996 Ut
855 1939 966 2017 optime
987 1940 1064 1997 enim
1086 1941 1219 1998 observat
1243 1940 1282 1998 D.
1294 1940 1531 2020 chrysostomus,
1552 1944 1597 2000 εὀτ
1676 1971 1709 2003 -.

548 2037 600 2109 γὰρ
612 2037 765 2108 ἀντίρροπον
779 2037 922 2106 ἐπιδεικνύῃ
936 2036 1005 2102 βίον,
1020 2039 1105 2092 οὐκέτι
1119 2039 1161 2092 tat
1175 2040 1222 2107 τὴν
1235 2038 1334 2107 ἡλικίαν
1343 2060 1384 2095 τις
1397 2041 1596 2111 καταφρονῆσαι,
1662 2085 1706 2108 q

549 2134 619 2188 ἀλλὰ
637 2137 678 2189 καί
694 2136 820 2204 θαυμάσει
835 2138 947 2204 μᾶλλον.
970 2133 1074 2212 Chrys.
1089 2133 1120 2189 in
1136 2153 1182 2211 ep.
1201 2152 1227 2190 1.
1245 2133 1281 2192 ad
1299 2134 1376 2192 Tim.
1394 2139 1458 2210 λογ.
1473 2137 1519 2210 ιγ’.
1533 2156 1594 2215 pag.
1660 2179 1703 2194 .-

553 2247 620 2307 299.
636 2229 705 2288 edit.
723 2229 812 2287 Savil.
830 2229 983 2287 stsaso.

951 2395 1103 2454 CANON
1124 2396 1199 2455 XII.

594 2509 629 2566 P.
645 2509 710 2582 184.
726 2507 745 2565 l.
762 2509 806 2566 16.
827 2510 889 2565 Ἐὰν
903 2515 989 2564 νοσῶν
1008 2533 1048 2566 τις
1067 2510 1202 2583 portati]
1227 2507 1382 2567 Cornelius
1399 2508 1483 2567 urbis
1501 2508 1699 2566 Romm

553 2608 705 2685 episcopus
718 2609 749 2664 in
764 2607 899 2685 Epistola
913 2606 949 2664 sd
965 2606 1088 2664 Fabium
1100 2605 1327 2671 Antiochenam,
1338 2626 1405 2683 qua
1415 2607 1495 2685 apud
1507 2608 1697 2665 Ense——

554 2704 634 2761 bium
654 2715 735 2761 extat
756 2704 806 2761 lib.
818 2706 856 2761 vi.
872 2722 993 2783 cap.43.
1015 2704 1052 2761 de
1073 2704 1191 2761 Novato
1212 2703 1350 2779 loquens:
1372 2706 1523 2759 καταλιπὸν
1541 2706 1640 2775 γὰρ,
1659 2716 1695 2754 ι»

552 2800 658 2876 inquit,
674 2803 720 2870 rip
734 2803 871 2871 ε’κκλῃσίαν
884 2805 931 2856 τοῦ
945 2805 1013 2856 Θεοῦ
1028 2804 1055 2856 ἐν
1070 2796 1243 2869 ᾗπιστεύσατ
1256 2802 1399 2870 κατηξιώθη
1413 2806 1463 2855 τοῦ
1480 2804 1692 2872 aptasti-‘-

553 2898 639 2969 τερίου
653 2901 716 2952 κατὰ
736 2902 812 2969 χάριν
826 2903 872 2953 τοῦ
887 2898 1031 2953 ἐπισκόπου
1044 2903 1091 2953 τοῦ
1105 2899 1236 2954 ἐπιθέντος
1249 2898 1318 2971 αὐτῷ
1330 2900 1421 2969 χεῖρας
1434 2899 1472 2954 εἷα
1483 2900 1694 2969 apeafio-ae*

555 2993 641 3065 τερίου
664 2998 768 3067 κλῆρον,
784 2995 812 3052 ὃς
830 2998 1032 3066 διακαλούμενος
1048 2997 1099 3050 ὑπὸ
1114 2998 1209 3051 παντὸς
1222 2998 1269 3049 τοῦ
1283 2994 1387 3066 κλήρου,
1401 2995 1473 3049 ἀλλὰ
1487 2996 1529 3049 καὶ
1547 2998 1630 3048 tat-
1639 2987 1694 3034 5·

555 3096 606 3145 κῶν
615 3095 731 3147 πολλῶν.
752 3094 806 3146 ἐπεὶ
820 3094 854 3161 μὴ
868 3093 928 3163 ε’ξὸν
942 3092 973 3160 ἦν
986 3096 1031 3147 τὸν
1045 3094 1073 3147 ἐν
1086 3091 1159 3161 κλίνῃ
1173 3093 1215 3146 διὰ
1229 3094 1308 3145 νόσον
1320 3092 1503 3162 περιχυθέντα,
1514 3090 1693 3162 inoffi

557 3191 598 3243 καὶ
612 3188 696 3252 οὗτος,
712 3191 748 3245 εἶτ
766 3193 861 3261 κλῆρόν
878 3213 935 3245 τινα
956 3189 1086 3262 γενέσθαι,
1101 3187 1195 3259 ἠξίωσε
1215 3188 1414 3260 συγχωρηθῆναι
1428 3190 1500 3263 αὐτῷ
1513 3192 1622 3242 τοῦτοί
1635 3195 1693 3226 '⁶'

557 3290 636 3354 μόνον
649 3290 838 3357 χειροτονῆσαι.
881 3287 927 3343 De
948 3285 1100 3363 baptisatis
1121 3285 1151 3341 in
1173 3283 1344 3362 aegritudine
1363 3284 1499 3342 meminit
1518 3286 1692 3343 etiam

557 3400 619 3437 can.
640 3402 649 3438 r
655 3398 703 3454 51.
725 3381 812 3457 hujus
833 3381 939 3439 codicis
959 3393 990 3439 et
1008 3401 1072 3439 can.
1082 3382 1131 3454 48.
1153 3379 1331 3439 collectionis
1350 3379 1512 3437 Africanus.
1548 3383 1691 3457 eyw-

556 3476 675 3553 prianus
698 3476 747 3533 lib.
764 3477 801 3533 iv.
827 3478 909 3555 epist.
930 3496 955 3551 7.
979 3479 1029 3553 qui
1052 3489 1082 3535 et
1106 3475 1270 3553 hujusmodi
1300 3475 1419 3534 clinicos
1443 3476 1691 3554 appellant>⁸

558 3573 646 3630 fuisse
655 3572 754 3630 tradit.
778 3574 871 3631 Erant
881 3586 977 3632 autem
987 3574 1155 3631 clinicorum
1165 3573 1223 3631 duo
1232 3593 1346 3649 genera.
1371 3572 1446 3638 Alii,
1456 3573 1509 3649 qui
1520 3571 1688 3629 fidem

559 3669 676 3746 quidem
687 3671 880 3726 Christianam
892 3671 1028 3748 amplexi,
1038 3670 1161 3728 necdum
1171 3681 1268 3727 tamen
1282 3670 1430 3747 baptisati,
1445 3670 1469 3727 si
1485 3670 1516 3727 in
1532 3682 1658 3727 mot
1667 3678 1688 3714 r·

557 3768 610 3825 bos
624 3767 796 3833 inciderent,
809 3770 839 3825 in
854 3769 915 3846 ipsa
929 3767 1109 3845 aegritudine,
1121 3772 1162 3823 καὶ
1175 3771 1203 3823 ἐν
1216 3774 1247 3837 τῇ
1261 3768 1346 3835 κλίνῃ,
1356 3766 1385 3822 in
1397 3765 1475 3823 lecto
1487 3766 1685 3824 doenum·

558 3864 659 3921 bentes
680 3865 908 3942 baptissbsntur.
954 3864 1069 3920 Horum
1092 3864 1224 3945 meminit
1242 3863 1427 3941 Epiphanius
1441 3864 1544 3922 haeresi
1557 3869 1601 3920 a?
1660 3855 1681 3911 8·

558 3965 583 4016 οί
596 3967 737 4032 μελλόντεο
755 3966 886 4033 τελευτᾷν,
902 3961 1006 4037 inquit,
1022 3963 1067 4016 llo·
1084 3957 1134 4016 cios
1147 3960 1340 4032 κατηχούμενοι,
1355 3964 1408 4033 πρὸ
1421 3966 1468 4032 τῆς
1484 3956 1677 4021 resen-‘is

558 4057 669 4131 λοίττρου
695 4063 880 4129 καταξιοῦνται.
923 4058 972 4116 Sic
998 4059 1155 4115 Praetorem
1181 4057 1365 4115 Arinthaeum
1391 4059 1423 4115 in
1449 4060 1515 4137 ipso
1538 4059 1671 4114 ι’ἱ-ΙΒ

559 4154 641 4210 exitu
652 4155 878 4230 regenerationis
886 4155 1030 4213 lavacrum
1041 4156 1183 4233 accepisse
1192 4165 1331 4212 memorat
1342 4154 1470 4213 Basilius
1481 4157 1563 4230 epist.
1638 4166 1660 4221 5⁴

561 4247 622 4305 Alii
648 4270 725 4314 vero,
747 4252 796 4326 qni
819 4253 996 4330 professione
1021 4252 1189 4317 Christiani,
1214 4262 1244 4310 et
1266 4251 1383 4330 pietatis
1407 4251 1539 4310 doctrina
1559 4248 1652 4306 311·

561 4348 673 4411 structi,
689 4347 724 4404 ad
740 4360 902 4406 extremum
918 4369 1009 4425 usque
1027 4349 1129 4416 aetatis,
1145 4350 1319 4427 baptismum
1334 4349 1469 4407 consulto
1490 4359 1640 4427 prote-u·
