4092 5150
469 421 533 483 142
822 412 1179 480 ANNOTATIONES

477 590 590 660 αὐτοὺς,
617 588 635 667 ἦ
662 587 889 670 ἀγνοουμένους,
921 590 966 651 ὅτι
996 587 1174 667 Χριστιανοί
1196 587 1265 656 είσι,
1290 582 1398 661 δήλους
1421 581 1528 648 atron

477 689 595 767 θέμενοι
620 696 683 754 τοῖς
707 690 850 764 διιόκταις,
873 688 940 754 τοὺς
962 689 1111 752 τοιούτους
1132 683 1327 770 ᾠκονόμησαν
1348 685 1378 746 οἱ
1400 682 1528 763 πατέρες

476 795 543 875 τρία
557 794 613 872 μὲν
628 792 678 871 ἔτη
694 794 728 855 ἔν
743 791 884 872 ἀκροάσει
898 796 1063 871 πληρῶσαι,
1081 787 1164 853 ε’κτὸς
1178 792 1231 849 τοῦ
1253 790 1326 849 ναοΰ
1349 785 1528 863 ἱσταμένους

477 898 511 960 ἑν
525 900 566 980 τῷ
581 894 712 979 προνάῳ,
726 895 760 972 ἓξ
772 897 803 957 δὲ
820 896 910 967 ἄλλα,
922 896 955 957 ἑν
969 894 1140 956 ὑποστάσει
1151 895 1315 971 διαγαγεῖν,
1330 890 1378 951 καὶ
1387 887 1528 952 ἐνιαυτὸν

477 1000 580 1080 ἕτερον
592 1001 769 1074 κοινωνῆσαι
780 1002 838 1059 τῶν
850 997 946 1079 εύχιῖν
954 1002 1015 1062 τοῖς
1024 1000 1149 1069 πιστοῖς,
1163 992 1210 1056 καὶ
1220 994 1295 1070 μετιὶ
1304 990 1358 1064 τήν
1368 992 1529 1055 δεκαετίαν

476 1102 585 1178 ταύτην
606 1105 770 1181 μετασχεῖν
792 1103 844 1161 τοῦ
863 1099 990 1161 τελείου.
1014 1098 1048 1159 ἐν
1066 1098 1098 1159 δὲ
1117 1098 1157 1179 τῷ
1173 1094 1272 1178 χρόνῳ
1290 1094 1396 1176 τούτῳ,
1416 1095 1457 1177 τῷ
1474 1094 1525 1169 τῆς

475 1203 633 1281 μετανοίας
657 1202 752 1264 αὐτῶν
775 1204 922 1279 δηλονότι,
947 1200 1034 1281 φασὶ,
1058 1198 1116 1281 χρὴ
1142 1197 1190 1260 καὶ
1218 1196 1272 1259 τδν
1300 1196 1399 1258 ἄλλον
1427 1194 1525 1257 αὐτῶν

476 1306 676 1385 ἔπιτηρεῖσθαι
691 1304 770 1382 βίον.
795 1306 822 1366 εί
835 1306 892 1384 γὰρ
906 1300 1050 1381 άμελῶςή
1063 1302 1111 1364 καὶ
1126 1303 1306 1378 πλήμμελιῖς
1314 1301 1528 1379 διοιγνιισθῦσι

477 1408 590 1483 ζῶντες,
607 1406 816 1484 ἐπιταθήσεται
829 1407 936 1486 χρόνος
951 1410 1009 1489 τῶν
1024 1405 1176 1479 ἐπιτιμίων
1190 1402 1296 1464 αὐτῶν.

891 1570 1044 1635 CANON
1067 1570 1113 1634 X.

520 1707 556 1768 P.
578 1707 624 1770 18.
636 1706 657 1769 Ι.
672 1726 720 1791 13.
738 1709 880 1771 Διάκονοι
895 1710 962 1771 ὅσοι
975 1710 1047 1791 διο]
1066 1707 1235 1770 Aristenun
1249 1704 1282 1768 in
1297 1702 1444 1766 Scholia:
1463 1701 1522 1765 Οὕ-

475 1834 525 1875 τος
539 1812 555 1871 ό
572 1812 669 1872 κανων
689 1813 853 1891 διαγορεύει
867 1811 920 1875 τὸν
939 1811 996 1892 πρὸ
1017 1817 1068 1889 τῆς
1082 1809 1264 1892 χειροτονίας
1279 1806 1523 1889 προμαρτυρησά-

474 1935 568 1988 μενον
589 1913 628 1994 τῷ
651 1912 801 1995 ἑπισκάπιρ
822 1910 862 1988 μή
883 1913 1027 1974 δύνασθαι
1046 1912 1250 1991 παρθενεύειν,
1270 1907 1339 1971 ἀλλ’
1361 1911 1403 1974 είς
1426 1907 1523 1989 γάμου

474 2013 643 2088 βούλεσθαι
659 2013 814 2075 κοινωνίαν
830 2014 941 2087 ἐλθεῖν,
956 2012 996 2090 μή
1011 2014 1188 2087 κωλύεσθαι,
1204 2012 1251 2074 καὶ
1265 2015 1340 2089 μετὰ
1352 2010 1408 2088 τήν
1422 2036 1521 2094 χειρο·

474 2116 577 2177 τονίον
594 2117 635 2180 είς
649 2113 746 2196 γάμον
762 2115 913 2197 ἔρχεσθαι,
931 2116 978 2177 καὶ
991 2116 1094 2194 με’νειν
1106 2116 1154 2178 ἐπὶ
1173 2119 1224 2192 τῆς
1241 2116 1328 2192 αὐτῆς
1347 2116 1432 2180 αὖθις
1448 2117 1520 2193 ὑπη-

473 2218 577 2298 ρεσίας
591 2241 624 2279 τε
641 2218 688 2280 καὶ
702 2221 794 2295 τιμῆς.
823 2216 877 2279 τὸν
897 2220 928 2279 δὲ
950 2216 1152 2295 σιωπήσαντα,
1170 2217 1217 2279 καῖ
1236 2217 1474 2295 καταδεξάμενον
1490 2219 1523 2280 ἐν

474 2320 699 2403 τῇχειροτονία
721 2321 837 2402 άγαμον
859 2319 962 2399 με’νειν
986 2324 1037 2398 τῆς
1059 2320 1208 2386 διακονίας
1232 2323 1413 2394 πεπαῦσθαι,
1441 2322 1522 2401 είπερ

473 2426 549 2501 μετὰ
573 2429 658 2486 τοῦτο
682 2422 778 2504 γάμου
803 2426 882 2508 νόμῳ
906 2427 1023 2506 γυναικὶ
1049 2428 1199 2511 συναφθῇ.
1231 2425 1313 2503 πλὴν
1335 2427 1375 2509 τῷ
1398 2426 1522 2506 παρόντι

459 2528 578 2589 1κανόνι
600 2526 760 2590 ἀντίκειται
779 2529 796 2590 ὁ
818 2528 901 2595 ἕκτος
922 2529 1019 2591 κανὼν
1037 2532 1086 2606 τῆς
1109 2529 1191 2606 ἕκτης
1214 2531 1350 2605 συνόδου,
1366 2528 1407 2608 μή
1428 2554 1521 2611 παρα-

473 2635 579 2711 χωρῶν
594 2631 671 2696 ὅλως
685 2632 725 2715 aqi
740 2633 918 2710 προελθόντι
933 2631 1047 2715 ἀγάμῳ,
1065 2633 1106 2696 είς
1120 2631 1324 2703 ὑποδιακόνου,
1339 2629 1357 2709 ἢ
1373 2633 1521 2704 διακόνου,

472 2727 491 2807 ἣ
513 2730 717 2810 πρεσβυτέρου
739 2731 867 2810 βαθμόν,
891 2736 967 2812 μετὰ
990 2732 1044 2810 τήν
1068 2734 1254 2816 χειροτονίαν
1278 2733 1406 2813 γαμικδν
1429 2736 1521 2818 ἑαυτῷ

474 2833 621 2914 σννιστζιν
644 2836 842 2897 σννοικείσον·
878 2836 959 2898 ἀλλὰ
983 2835 1036 2898 τὸν
1059 2841 1145 2897 τούτο
1169 2835 1361 2915 τολμήσαντα
1387 2842 1519 2916 ποιῆσαι,

474 2935 699 3022 διατοττόμενος
712 2941 923 3018 καθαιρεῖσθαι·
941 2939 988 3001 καὶ
1000 2941 1126 3018 κρατεῖὸ
1138 2941 1234 3002 κανὼν
1244 2941 1366 3012 ἐκεῖνος,
1378 2941 1426 3004 καί
1437 2941 1522 3007 οὗτος

473 3033 595 3114 ἤργησε.
622 3035 745 3114 Monet,
762 3038 857 3123 idque
872 3041 977 3103 animo
992 3040 1125 3117 lubenti,
1138 3040 1176 3105 ol.
1193 3040 1405 3115 whartonus,
1422 3064 1528 3127 qnam

474 3157 569 3220 quam
585 3137 651 3222 ipse
667 3140 793 3218 coelebs,
810 3143 842 3204 in
861 3142 965 3206 libello
981 3166 1039 3206 suo
1058 3143 1194 3228 Anglioa
1213 3143 1320 3229 lingna
1340 3145 1520 3230 conscripto

473 3237 524 3301 De
541 3237 686 3304 nolitote
704 3243 787 3306 Cleri
801 3266 871 3328 pag.
893 3264 942 3325 γι).
988 3243 1176 3309 Aristenum
1191 3246 1223 3309 in
1239 3250 1450 3313 οοοιιτιοιτίατύο
1464 3273 1521 3314 suo

472 3339 505 3403 in
521 3341 679 3407 Cononem
694 3345 779 3409 illum
801 3349 946 3433 quintum
963 3348 1092 3411 Caecilii
1110 3350 1289 3428 ριιίτιίιατίί,
1311 3352 1520 3436 amplificasse

472 3443 610 3508 Oanonie
625 3447 718 3532 hujus
736 3451 896 3534 Ancyrani
913 3451 1148 3535 permissionem
1164 3454 1204 3516 nd
1221 3454 1433 3537 presbyteros,
1445 3457 1520 3520 dum

471 3545 602 3631 legeret,
619 3554 820 3634 πρεσβύτεροι
838 3552 856 3633 ἢ
873 3554 1013 3618 διάκονοι.
1059 3555 1151 3635 Quod
1175 3556 1302 3639 quidem
1321 3580 1430 3622 verum
1448 3568 1517 3635 σοῖς

471 3649 527 3711 sed
544 3651 711 3716 manifesto
726 3677 833 3718 errore
848 3656 879 3719 id
895 3658 1015 3721 factum
1030 3658 1071 3721 ab
1089 3657 1241 3721 Aristono
1257 3659 1309 3722 illo
1324 3660 1395 3724 loeo
1408 3661 1520 3737 fuisse„

472 3772 535 3813 non
547 3758 674 3817 tantum
686 3756 739 3819 alii
751 3779 859 3820 omnes
871 3767 1149 3836 commentatores,
1161 3762 1259 3825 sedet
1271 3761 1338 3845 ipse
1348 3763 1520 3829 Aristenus

472 3852 504 3915 in
518 3854 637 3933 εσδοίῖο,
653 3860 736 3940 quod
752 3859 802 3923 hie
818 3861 916 3945 posui,
940 3861 1090 3926 ostendit.
1138 3863 1238 3926 Porro
1255 3866 1443 3950 presbytero
1466 3868 1521 3950 qni

471 3966 545 4040 post
565 3960 797 4027 ordinationem
817 3965 947 4029 duceret
968 3988 1108 4041 uxorem,
1125 3966 1354 4050 depositionem
1372 3970 1514 4037 intermi-

471 4067 568 4123 natus
597 4071 647 4126 eet
676 4071 728 4127 τοῦ
757 4070 926 4149 συγχρόνου
959 4069 1088 4132 Caecilii
1121 4070 1378 4136 Neoooeaoriomie
1406 4074 1517 4139 Oanon

472 4160 602 4244 primun,
618 4186 712 4248 quem
730 4166 812 4230 infra
829 4169 963 4233 daturus
984 4192 1063 4234 eum.
1110 4172 1330 4237 Differentiam
1353 4174 1477 4240 interea
1497 4199 1518 4241 ο

471 4264 585 4326 oeterin
607 4267 840 4351 exemplaribus
856 4271 940 4335 eirea
960 4273 1165 4338 diaconorum
1185 4276 1463 4363 conjugiumque
1485 4279 1516 4342 in

473 4367 628 4430 Οαποτιιιτα
657 4370 839 4437 Latinorum
865 4375 971 4439 θοόίοσ
995 4399 1016 4440 a
1041 4376 1079 4440 el.
1108 4378 1275 4458 Quosnelio
1299 4380 1397 4454 edito,
1421 4397 1521 4468 atque·
