<?xml version="1.0" encoding="UTF-8"?>
<!DOCTYPE html PUBLIC "-//W3C//DTD XHTML 1.0 Transitional//EN"
    "http://www.w3.org/TR/xhtml1/DTD/xhtml1-transitional.dtd">
<html xmlns="http://www.w3.org/1999/xhtml" xml:lang="en" lang="en">
 <head>
  <title>
</title>
<meta http-equiv="Content-Type" content="text/html;charset=utf-8" />
  <meta name='ocr-system' content='tesseract 3.04.00' />
  <meta name='ocr-capabilities' content='ocr_page ocr_carea ocr_par ocr_line ocrx_word'/>
</head>
<body>
  <div class='ocr_page' id='page_1' title='image "./reliquiaesacrae03routgoog_0044.png"; bbox 0 0 4092 5150; ppageno 0'>
   <div class='ocr_carea' id='block_1_1' title="bbox 473 437 1221 515">
    <p class='ocr_par' dir='ltr' id='par_1_1' title="bbox 473 437 1221 515">
     <span class='ocr_line' id='line_1_1' title="bbox 473 437 1221 515; baseline 0.007 -18"><span class='ocrx_word' id='word_1_1' title='bbox 473 438 516 499; x_wconf 66' lang='lat'><strong>28</strong></span> <span class='ocrx_word' id='word_1_2' title='bbox 768 437 1015 515; x_wconf 83' lang='lat' dir='ltr'>RELIQUIAE</span> <span class='ocrx_word' id='word_1_3' title='bbox 1043 438 1221 502; x_wconf 80' lang='lat' dir='ltr'>SACRAE.</span> 
     </span>
    </p>
   </div>
   <div class='ocr_carea' id='block_1_2' title="bbox 474 715 1579 2721">
    <p class='ocr_par' dir='ltr' id='par_1_2' title="bbox 865 715 1120 790">
     <span class='ocr_line' id='line_1_2' title="bbox 865 715 1120 790; baseline 0.012 -3"><span class='ocrx_word' id='word_1_4' title='bbox 865 715 1048 788; x_wconf 83' lang='grc' dir='ltr'>ΚΑΝΩΝ</span> <span class='ocrx_word' id='word_1_5' title='bbox 1079 716 1120 790; x_wconf 84' lang='grc' dir='ltr'><strong>Ε.</strong></span> 
     </span>
    </p>

    <p class='ocr_par' dir='ltr' id='par_1_3' title="bbox 474 860 1579 2721">
     <span class='ocr_line' id='line_1_3' title="bbox 528 860 1516 961; baseline 0.002 -21"><span class='ocrx_word' id='word_1_6' title='bbox 528 866 614 944; x_wconf 89' lang='grc' dir='ltr'>Τοῖς</span> <span class='ocrx_word' id='word_1_7' title='bbox 638 860 1063 961; x_wconf 74' lang='grc' dir='ltr'>δὲκαθυποκρικαμένοις,</span> <span class='ocrx_word' id='word_1_8' title='bbox 1080 861 1173 941; x_wconf 84' lang='grc' dir='ltr'>κατὰ</span> <span class='ocrx_word' id='word_1_9' title='bbox 1192 860 1283 942; x_wconf 66' lang='grc' dir='ltr'><strong>ωτὸν</strong></span> <span class='ocrx_word' id='word_1_10' title='bbox 1301 864 1516 961; x_wconf 84' lang='grc' dir='ltr'>ἐπιληπτευ·</span> 
     </span>
     <span class='ocr_line' id='line_1_4' title="bbox 474 992 1521 1100; baseline 0.001 -26"><span class='ocrx_word' id='word_1_11' title='bbox 474 995 633 1094; x_wconf 81' lang='grc' dir='ltr'>σάμενον</span> <span class='ocrx_word' id='word_1_12' title='bbox 651 997 775 1089; x_wconf 81' lang='grc' dir='ltr'>Δαβὶδ</span> <span class='ocrx_word' id='word_1_13' title='bbox 792 994 851 1074; x_wconf 74' lang='grc' dir='ltr'>’ίνα</span> <span class='ocrx_word' id='word_1_14' title='bbox 868 993 918 1094; x_wconf 87' lang='grc' dir='ltr'><strong>μὴ</strong></span> <span class='ocrx_word' id='word_1_15' title='bbox 936 992 1111 1100; x_wconf 85' lang='grc' dir='ltr'>ἀποθάνη,</span> <span class='ocrx_word' id='word_1_16' title='bbox 1126 997 1189 1075; x_wconf 79' lang='grc' dir='ltr'><strong>οὐκ</strong></span> <span class='ocrx_word' id='word_1_17' title='bbox 1207 993 1294 1075; x_wconf 82' lang='grc' dir='ltr'>ὅντα</span> <span class='ocrx_word' id='word_1_18' title='bbox 1311 996 1521 1096; x_wconf 78' lang='grc' dir='ltr'>ἐπιληπτον·</span> 
     </span>
     <span class='ocr_line' id='line_1_5' title="bbox 476 1121 1524 1229; baseline 0.001 -28"><span class='ocrx_word' id='word_1_19' title='bbox 476 1125 534 1201; x_wconf 76' lang='grc' dir='ltr'><strong>καὶ</strong></span> <span class='ocrx_word' id='word_1_20' title='bbox 565 1121 616 1221; x_wconf 80' lang='grc' dir='ltr'><strong>μὴ</strong></span> <span class='ocrx_word' id='word_1_21' title='bbox 645 1129 787 1224; x_wconf 84' lang='grc' dir='ltr'>γυμνῶς</span> <span class='ocrx_word' id='word_1_22' title='bbox 820 1121 1138 1229; x_wconf 72' lang='grc' dir='ltr'>ἀπογραψαμένοις</span> <span class='ocrx_word' id='word_1_23' title='bbox 1164 1122 1211 1201; x_wconf 90' lang='grc' dir='ltr'>τά</span> <span class='ocrx_word' id='word_1_24' title='bbox 1238 1123 1330 1225; x_wconf 82' lang='grc' dir='ltr'>πρὸς</span> <span class='ocrx_word' id='word_1_25' title='bbox 1360 1122 1524 1225; x_wconf 83' lang='grc' dir='ltr'>ἀρνησιν,</span> 
     </span>
     <span class='ocr_line' id='line_1_6' title="bbox 475 1255 1552 1364; baseline 0.003 -28"><span class='ocrx_word' id='word_1_26' title='bbox 475 1256 576 1336; x_wconf 89' lang='grc' dir='ltr'><strong>ἀλλά</strong></span> <span class='ocrx_word' id='word_1_27' title='bbox 603 1257 815 1364; x_wconf 80' lang='grc' dir='ltr'>διαπαίξασι</span> <span class='ocrx_word' id='word_1_28' title='bbox 838 1255 929 1336; x_wconf 83' lang='grc' dir='ltr'><strong>κατά</strong></span> <span class='ocrx_word' id='word_1_29' title='bbox 952 1255 1099 1356; x_wconf 87' lang='grc' dir='ltr'>πολλὴν</span> <span class='ocrx_word' id='word_1_30' title='bbox 1128 1259 1370 1361; x_wconf 80' lang='grc' dir='ltr'>στενοχωρίαν</span> <span class='ocrx_word' id='word_1_31' title='bbox 1391 1261 1455 1359; x_wconf 86' lang='grc' dir='ltr'><strong>(ὡς</strong></span> <span class='ocrx_word' id='word_1_32' title='bbox 1477 1257 1552 1359; x_wconf 75' lang='grc' dir='ltr'><strong>ἀν5</strong></span> 
     </span>
     <span class='ocr_line' id='line_1_7' title="bbox 476 1391 1527 1500; baseline 0.007 -30"><span class='ocrx_word' id='word_1_33' title='bbox 476 1393 599 1471; x_wconf 79' lang='grc' dir='ltr'>παιδία</span> <span class='ocrx_word' id='word_1_34' title='bbox 626 1391 840 1488; x_wconf 83' lang='grc' dir='ltr'>βουλευτικά</span> <span class='ocrx_word' id='word_1_35' title='bbox 861 1392 1024 1498; x_wconf 79' lang='grc' dir='ltr'>ἔμφρονα</span> <span class='ocrx_word' id='word_1_36' title='bbox 1047 1393 1085 1471; x_wconf 79' lang='grc' dir='ltr'><strong>ἐν</strong></span> <span class='ocrx_word' id='word_1_37' title='bbox 1106 1394 1256 1475; x_wconf 74' lang='grc' dir='ltr'>παιδίοις</span> <span class='ocrx_word' id='word_1_38' title='bbox 1284 1392 1439 1500; x_wconf 78' lang='grc' dir='ltr'>ἄφροσι)</span> <span class='ocrx_word' id='word_1_39' title='bbox 1460 1393 1527 1478; x_wconf 89' lang='grc' dir='ltr'><strong>τάς</strong></span> 
     </span>
     <span class='ocr_line' id='line_1_8' title="bbox 476 1524 1527 1629; baseline 0.005 -27"><span class='ocrx_word' id='word_1_40' title='bbox 476 1532 548 1604; x_wconf 81' lang='grc' dir='ltr'>τῶν</span> <span class='ocrx_word' id='word_1_41' title='bbox 573 1528 711 1629; x_wconf 84' lang='grc' dir='ltr'>ἐχθρῶν</span> <span class='ocrx_word' id='word_1_42' title='bbox 736 1524 939 1622; x_wconf 87' lang='grc' dir='ltr'>ε’πιβουλάς,</span> <span class='ocrx_word' id='word_1_43' title='bbox 964 1526 1043 1626; x_wconf 83' lang='grc' dir='ltr'>ἤτοι</span> <span class='ocrx_word' id='word_1_44' title='bbox 1066 1530 1115 1609; x_wconf 89' lang='grc' dir='ltr'><strong>ὡς</strong></span> <span class='ocrx_word' id='word_1_45' title='bbox 1145 1525 1344 1611; x_wconf 74' lang='grc' dir='ltr'>διελθόντες</span> <span class='ocrx_word' id='word_1_46' title='bbox 1369 1526 1527 1627; x_wconf 80' lang='grc' dir='ltr'>βωμοὺς,</span> 
     </span>
     <span class='ocr_line' id='line_1_9' title="bbox 477 1659 1529 1768; baseline 0.002 -29"><span class='ocrx_word' id='word_1_47' title='bbox 477 1659 555 1760; x_wconf 75' lang='grc' dir='ltr'>ἤτοι</span> <span class='ocrx_word' id='word_1_48' title='bbox 578 1665 625 1746; x_wconf 87' lang='grc' dir='ltr'><strong>ὡς</strong></span> <span class='ocrx_word' id='word_1_49' title='bbox 652 1661 1014 1768; x_wconf 83' lang='grc' dir='ltr'>χειρογραφήσαντες,</span> <span class='ocrx_word' id='word_1_50' title='bbox 1040 1662 1119 1760; x_wconf 74' lang='grc' dir='ltr'>ἤτοι</span> <span class='ocrx_word' id='word_1_51' title='bbox 1137 1666 1184 1746; x_wconf 87' lang='grc' dir='ltr'><strong>ὡς</strong></span> <span class='ocrx_word' id='word_1_52' title='bbox 1203 1664 1278 1742; x_wconf 83' lang='grc' dir='ltr'>ἀνθ’</span> <span class='ocrx_word' id='word_1_53' title='bbox 1299 1666 1432 1742; x_wconf 80' lang='grc' dir='ltr'>ἑαυτῶν</span> <span class='ocrx_word' id='word_1_54' title='bbox 1456 1672 1529 1758; x_wconf 81' lang='grc' dir='ltr'><strong>βα-</strong></span> 
     </span>
     <span class='ocr_line' id='line_1_10' title="bbox 478 1796 1530 1904; baseline 0.003 -28"><span class='ocrx_word' id='word_1_55' title='bbox 478 1796 601 1882; x_wconf 90' lang='grc' dir='ltr'>λόντες</span> <span class='ocrx_word' id='word_1_56' title='bbox 634 1798 802 1882; x_wconf 79' lang='grc' dir='ltr'>ἐθνικοάς·</span> <span class='ocrx_word' id='word_1_57' title='bbox 840 1805 868 1877; x_wconf 83' lang='grc' dir='ltr'><strong>εί</strong></span> <span class='ocrx_word' id='word_1_58' title='bbox 902 1801 964 1878; x_wconf 89' lang='grc' dir='ltr'><strong>καί</strong></span> <span class='ocrx_word' id='word_1_59' title='bbox 990 1833 1087 1878; x_wconf 90' lang='grc' dir='ltr'>τισιν</span> <span class='ocrx_word' id='word_1_60' title='bbox 1117 1801 1234 1879; x_wconf 72' lang='grc' dir='ltr'>αὐτῶν</span> <span class='ocrx_word' id='word_1_61' title='bbox 1265 1799 1530 1904; x_wconf 78' lang='grc' dir='ltr'>συνεχώρησάν</span> 
     </span>
     <span class='ocr_line' id='line_1_11' title="bbox 477 1933 1579 2036; baseline 0.005 -25"><span class='ocrx_word' id='word_1_62' title='bbox 477 1966 568 2016; x_wconf 89' lang='grc' dir='ltr'>τινες</span> <span class='ocrx_word' id='word_1_63' title='bbox 587 1940 658 2011; x_wconf 84' lang='grc' dir='ltr'>τῶν</span> <span class='ocrx_word' id='word_1_64' title='bbox 683 1933 1001 2036; x_wconf 72' lang='grc' dir='ltr'>ὁμολογησάντων,</span> <span class='ocrx_word' id='word_1_65' title='bbox 1019 1937 1068 2017; x_wconf 83' lang='grc' dir='ltr'><strong>ὡς</strong></span> <span class='ocrx_word' id='word_1_66' title='bbox 1093 1933 1243 2033; x_wconf 82' lang='grc' dir='ltr'>ἤκουσα,</span> <span class='ocrx_word' id='word_1_67' title='bbox 1263 1938 1336 2016; x_wconf 78' lang='grc' dir='ltr'>ἐπεὶ</span> <span class='ocrx_word' id='word_1_68' title='bbox 1362 1934 1530 2033; x_wconf 85' lang='grc' dir='ltr'>μάλιστα</span> <span class='ocrx_word' id='word_1_69' title='bbox 1543 1978 1579 2017; x_wconf 83' lang='grc' dir='ltr'><strong>ιο</strong></span> 
     </span>
     <span class='ocr_line' id='line_1_12' title="bbox 479 2065 1531 2175; baseline 0.003 -30"><span class='ocrx_word' id='word_1_70' title='bbox 479 2067 570 2147; x_wconf 84' lang='grc' dir='ltr'><strong>κατά</strong></span> <span class='ocrx_word' id='word_1_71' title='bbox 587 2065 732 2166; x_wconf 76' lang='grc' dir='ltr'>πολλὴν</span> <span class='ocrx_word' id='word_1_72' title='bbox 750 2066 938 2163; x_wconf 81' lang='grc' dir='ltr'>εὐλάβειαν</span> <span class='ocrx_word' id='word_1_73' title='bbox 952 2068 1128 2175; x_wconf 76' lang='grc' dir='ltr'>ἐξέφυγον</span> <span class='ocrx_word' id='word_1_74' title='bbox 1146 2067 1345 2174; x_wconf 80' lang='grc' dir='ltr'>αὐτόχειρες</span> <span class='ocrx_word' id='word_1_75' title='bbox 1358 2068 1531 2171; x_wconf 79' lang='grc' dir='ltr'>γενέσθω</span> 
     </span>
     <span class='ocr_line' id='line_1_13' title="bbox 479 2200 1531 2306; baseline 0.002 -25"><span class='ocrx_word' id='word_1_76' title='bbox 479 2211 543 2282; x_wconf 83' lang='grc' dir='ltr'>τοῦ</span> <span class='ocrx_word' id='word_1_77' title='bbox 559 2200 681 2304; x_wconf 81' lang='grc' dir='ltr'>πυρὸς,</span> <span class='ocrx_word' id='word_1_78' title='bbox 701 2207 759 2281; x_wconf 84' lang='grc' dir='ltr'><strong>καὶ</strong></span> <span class='ocrx_word' id='word_1_79' title='bbox 778 2207 840 2302; x_wconf 77' lang='grc' dir='ltr'>τῆς</span> <span class='ocrx_word' id='word_1_80' title='bbox 854 2201 1124 2298; x_wconf 77' lang='grc' dir='ltr'>ἀναθυμιάσεως</span> <span class='ocrx_word' id='word_1_81' title='bbox 1139 2211 1211 2282; x_wconf 83' lang='grc' dir='ltr'>τῶν</span> <span class='ocrx_word' id='word_1_82' title='bbox 1228 2202 1439 2306; x_wconf 79' lang='grc' dir='ltr'>ἀκαθάρτων</span> <span class='ocrx_word' id='word_1_83' title='bbox 1452 2208 1531 2283; x_wconf 87' lang='grc' dir='ltr'>δαι-</span> 
     </span>
     <span class='ocr_line' id='line_1_14' title="bbox 478 2335 1527 2445; baseline 0.003 -28"><span class='ocrx_word' id='word_1_84' title='bbox 478 2335 609 2435; x_wconf 85' lang='grc' dir='ltr'>μόνων·</span> <span class='ocrx_word' id='word_1_85' title='bbox 637 2341 711 2419; x_wconf 79' lang='grc' dir='ltr'>ἐπεὶ</span> <span class='ocrx_word' id='word_1_86' title='bbox 734 2340 853 2418; x_wconf 87' lang='grc' dir='ltr'>τοίνυν</span> <span class='ocrx_word' id='word_1_87' title='bbox 876 2339 1004 2417; x_wconf 76' lang='grc' dir='ltr'>ἔλαθεν</span> <span class='ocrx_word' id='word_1_88' title='bbox 1027 2338 1153 2423; x_wconf 80' lang='grc' dir='ltr'>αι’ττοῧς</span> <span class='ocrx_word' id='word_1_89' title='bbox 1177 2341 1278 2445; x_wconf 79' lang='grc' dir='ltr'>ἀνοίᾳ</span> <span class='ocrx_word' id='word_1_90' title='bbox 1300 2348 1405 2419; x_wconf 80' lang='grc' dir='ltr'>τοῦτο</span> <span class='ocrx_word' id='word_1_91' title='bbox 1428 2340 1527 2441; x_wconf 86' lang='grc' dir='ltr'>πρά·</span> 
     </span>
     <span class='ocr_line' id='line_1_15' title="bbox 480 2472 1533 2581; baseline 0.001 -28"><span class='ocrx_word' id='word_1_92' title='bbox 480 2473 624 2580; x_wconf 82' lang='grc' dir='ltr'>ξαντας·</span> <span class='ocrx_word' id='word_1_93' title='bbox 658 2474 754 2570; x_wconf 79' lang='grc' dir='ltr'>ὅμως</span> <span class='ocrx_word' id='word_1_94' title='bbox 783 2472 958 2581; x_wconf 81' lang='grc' dir='ltr'>ἑξάμηνος</span> <span class='ocrx_word' id='word_1_95' title='bbox 983 2475 1102 2556; x_wconf 81' lang='grc' dir='ltr'>αὐτοῖς</span> <span class='ocrx_word' id='word_1_96' title='bbox 1130 2472 1373 2573; x_wconf 74' lang='grc' dir='ltr'>ἐπιτεθήσεται</span> <span class='ocrx_word' id='word_1_97' title='bbox 1400 2479 1464 2573; x_wconf 81' lang='grc' dir='ltr'>τῆς</span> <span class='ocrx_word' id='word_1_98' title='bbox 1490 2478 1533 2555; x_wconf 83' lang='grc' dir='ltr'><strong>ἐν</strong></span> 
     </span>
     <span class='ocr_line' id='line_1_16' title="bbox 480 2610 1579 2721; baseline 0.002 -33"><span class='ocrx_word' id='word_1_99' title='bbox 480 2614 648 2717; x_wconf 76' lang='grc' dir='ltr'>μετανοίᾳ</span> <span class='ocrx_word' id='word_1_100' title='bbox 677 2614 911 2716; x_wconf 80' lang='grc' dir='ltr'>ἐπιστροφῆς.</span> <span class='ocrx_word' id='word_1_101' title='bbox 946 2613 1038 2690; x_wconf 80' lang='grc' dir='ltr'>οὕτω</span> <span class='ocrx_word' id='word_1_102' title='bbox 1067 2610 1139 2712; x_wconf 92' lang='grc' dir='ltr'><strong>γάρ</strong></span> <span class='ocrx_word' id='word_1_103' title='bbox 1167 2618 1313 2721; x_wconf 80' lang='grc' dir='ltr'>μᾶλλον</span> <span class='ocrx_word' id='word_1_104' title='bbox 1341 2614 1398 2689; x_wconf 77' lang='grc' dir='ltr'><strong>καὶ</strong></span> <span class='ocrx_word' id='word_1_105' title='bbox 1428 2613 1532 2692; x_wconf 77' lang='grc' dir='ltr'>αὐτοὶ</span> <span class='ocrx_word' id='word_1_106' title='bbox 1549 2652 1579 2709; x_wconf 79' lang='lat'><strong>¹5</strong></span> 
     </span>
    </p>
   </div>
   <div class='ocr_carea' id='block_1_3' title="bbox 482 2746 1532 2852">
    <p class='ocr_par' dir='ltr' id='par_1_4' title="bbox 482 2746 1532 2852">
     <span class='ocr_line' id='line_1_17' title="bbox 482 2746 1532 2852; baseline 0.004 -29"><span class='ocrx_word' id='word_1_107' title='bbox 482 2746 1104 2851; x_wconf 79' lang='grc' dir='ltr'>ἀφεληθήσονται,καταμελετῶντες</span> <span class='ocrx_word' id='word_1_108' title='bbox 1115 2747 1158 2825; x_wconf 83' lang='grc' dir='ltr'>τὸ</span> <span class='ocrx_word' id='word_1_109' title='bbox 1171 2747 1395 2852; x_wconf 83' lang='grc' dir='ltr'>προφητικὸν</span> <span class='ocrx_word' id='word_1_110' title='bbox 1408 2746 1532 2852; x_wconf 80' lang='grc' dir='ltr'>ῥητὸν,</span> 
     </span>
    </p>
   </div>
   <div class='ocr_carea' id='block_1_4' title="bbox 483 2881 1532 2984">
    <p class='ocr_par' dir='ltr' id='par_1_5' title="bbox 483 2881 1532 2984">
     <span class='ocr_line' id='line_1_18' title="bbox 483 2881 1532 2984; baseline 0.004 -23"><span class='ocrx_word' id='word_1_111' title='bbox 483 2887 541 2962; x_wconf 83' lang='grc' dir='ltr'><strong>καὶ</strong></span> <span class='ocrx_word' id='word_1_112' title='bbox 559 2886 736 2984; x_wconf 84' lang='grc' dir='ltr'>λε’γοντες·</span> <span class='ocrx_word' id='word_1_113' title='bbox 768 2885 940 2962; x_wconf 79' lang='grc' dir='ltr'>”Παιδίον</span> <span class='ocrx_word' id='word_1_114' title='bbox 958 2881 1127 2984; x_wconf 81' lang='grc' dir='ltr'>ἐγεννήθη</span> <span class='ocrx_word' id='word_1_115' title='bbox 1148 2884 1241 2981; x_wconf 83' lang='grc' dir='ltr'>ἡμῖν,</span> <span class='ocrx_word' id='word_1_116' title='bbox 1257 2881 1328 2968; x_wconf 79' lang='grc' dir='ltr'>υἱὸς</span> <span class='ocrx_word' id='word_1_117' title='bbox 1347 2886 1405 2962; x_wconf 82' lang='grc' dir='ltr'><strong>καὶ</strong></span> <span class='ocrx_word' id='word_1_118' title='bbox 1424 2881 1532 2983; x_wconf 87' lang='grc' dir='ltr'>ε’δόθη</span> 
     </span>
    </p>
   </div>
   <div class='ocr_carea' id='block_1_5' title="bbox 483 3116 1588 4325">
    <p class='ocr_par' dir='ltr' id='par_1_6' title="bbox 483 3116 1588 4325">
     <span class='ocr_line' id='line_1_19' title="bbox 1031 3116 1531 3177; baseline 0.002 -3"><span class='ocrx_word' id='word_1_119' title='bbox 1031 3119 1108 3176; x_wconf 88' lang='lat' dir='ltr'><strong>rint:</strong></span> <span class='ocrx_word' id='word_1_120' title='bbox 1136 3118 1249 3177; x_wconf 88' lang='lat' dir='ltr'><strong>etiamsi</strong></span> <span class='ocrx_word' id='word_1_121' title='bbox 1272 3116 1406 3175; x_wconf 82' lang='lat' dir='ltr'><strong>nonnulli</strong></span> <span class='ocrx_word' id='word_1_122' title='bbox 1427 3137 1531 3175; x_wconf 88' lang='lat' dir='ltr'><strong>eorum</strong></span> 
     </span>
     <span class='ocr_line' id='line_1_20' title="bbox 624 3182 1532 3276; baseline -0.003 -19"><span class='ocrx_word' id='word_1_123' title='bbox 624 3182 776 3241; x_wconf 64' lang='lat' dir='ltr'>CANON</span> <span class='ocrx_word' id='word_1_124' title='bbox 799 3183 837 3241; x_wconf 85' lang='lat' dir='ltr'><strong>V·</strong></span> <span class='ocrx_word' id='word_1_125' title='bbox 1031 3198 1080 3276; x_wconf 88' lang='lat' dir='ltr'><strong>qui</strong></span> <span class='ocrx_word' id='word_1_126' title='bbox 1109 3199 1232 3256; x_wconf 78' lang='lat' dir='ltr'><strong>confessi</strong></span> <span class='ocrx_word' id='word_1_127' title='bbox 1257 3210 1335 3263; x_wconf 83' lang='lat' dir='ltr'><strong>suut.</strong></span> <span class='ocrx_word' id='word_1_128' title='bbox 1361 3209 1395 3256; x_wconf 91' lang='lat' dir='ltr'><strong>ut</strong></span> <span class='ocrx_word' id='word_1_129' title='bbox 1420 3196 1532 3267; x_wconf 85' lang='lat' dir='ltr'><strong>audivi,</strong></span> 
     </span>
     <span class='ocr_line' id='line_1_21' title="bbox 519 3278 1584 3357; baseline 0.004 -21"><span class='ocrx_word' id='word_1_130' title='bbox 519 3279 980 3357; x_wconf 87' lang='lat' dir='ltr'><strong>lisautemquisimularunt,sic·</strong></span> <span class='ocrx_word' id='word_1_131' title='bbox 1031 3279 1177 3356; x_wconf 73' lang='lat' dir='ltr'><strong>aliquibus</strong></span> <span class='ocrx_word' id='word_1_132' title='bbox 1211 3299 1311 3336; x_wconf 91' lang='lat' dir='ltr'><strong>eorum</strong></span> <span class='ocrx_word' id='word_1_133' title='bbox 1347 3278 1531 3337; x_wconf 75' lang='lat' dir='ltr'><strong>condonare·</strong></span> <span class='ocrx_word' id='word_1_134' title='bbox 1546 3300 1584 3340; x_wconf 82' lang='lat'><strong>20</strong></span> 
     </span>
     <span class='ocr_line' id='line_1_22' title="bbox 483 3358 1533 3440; baseline -0.007 -21"><span class='ocrx_word' id='word_1_135' title='bbox 483 3373 518 3419; x_wconf 89' lang='lat' dir='ltr'><strong>ut</strong></span> <span class='ocrx_word' id='word_1_136' title='bbox 538 3371 569 3419; x_wconf 91' lang='lat' dir='ltr'><strong>et</strong></span> <span class='ocrx_word' id='word_1_137' title='bbox 587 3360 690 3427; x_wconf 87' lang='lat' dir='ltr'><strong>David,</strong></span> <span class='ocrx_word' id='word_1_138' title='bbox 712 3362 763 3437; x_wconf 89' lang='lat' dir='ltr'><strong>qui</strong></span> <span class='ocrx_word' id='word_1_139' title='bbox 790 3380 821 3419; x_wconf 91' lang='lat' dir='ltr'><strong>se</strong></span> <span class='ocrx_word' id='word_1_140' title='bbox 845 3360 980 3440; x_wconf 88' lang='lat' dir='ltr'><strong>epilepti·</strong></span> <span class='ocrx_word' id='word_1_141' title='bbox 1032 3370 1120 3418; x_wconf 88' lang='lat' dir='ltr'><strong>runt:</strong></span> <span class='ocrx_word' id='word_1_142' title='bbox 1151 3360 1287 3436; x_wconf 85' lang='lat' dir='ltr'><strong>quoniam</strong></span> <span class='ocrx_word' id='word_1_143' title='bbox 1312 3358 1438 3416; x_wconf 80' lang='lat' dir='ltr'><strong>maxima</strong></span> <span class='ocrx_word' id='word_1_144' title='bbox 1462 3378 1533 3417; x_wconf 90' lang='lat' dir='ltr'><strong>ceu.</strong></span> 
     </span>
     <span class='ocr_line' id='line_1_23' title="bbox 483 3438 1534 3518; baseline 0 -19"><span class='ocrx_word' id='word_1_145' title='bbox 483 3461 548 3499; x_wconf 91' lang='lat' dir='ltr'><strong>cum</strong></span> <span class='ocrx_word' id='word_1_146' title='bbox 578 3440 714 3518; x_wconf 80' lang='lat' dir='ltr'><strong>fingebat,</strong></span> <span class='ocrx_word' id='word_1_147' title='bbox 743 3461 780 3500; x_wconf 90' lang='lat' dir='ltr'><strong>ne</strong></span> <span class='ocrx_word' id='word_1_148' title='bbox 809 3452 981 3506; x_wconf 88' lang='lat' dir='ltr'><strong>moreretur,</strong></span> <span class='ocrx_word' id='word_1_149' title='bbox 1033 3440 1112 3498; x_wconf 88' lang='lat' dir='ltr'><strong>tione</strong></span> <span class='ocrx_word' id='word_1_150' title='bbox 1142 3439 1281 3505; x_wconf 76' lang='lat' dir='ltr'><strong>vitarunt,</strong></span> <span class='ocrx_word' id='word_1_151' title='bbox 1309 3458 1347 3497; x_wconf 90' lang='lat' dir='ltr'><strong>ne</strong></span> <span class='ocrx_word' id='word_1_152' title='bbox 1381 3438 1435 3518; x_wconf 92' lang='lat' dir='ltr'><strong>ipsi</strong></span> <span class='ocrx_word' id='word_1_153' title='bbox 1470 3440 1534 3500; x_wconf 87' lang='lat' dir='ltr'><strong>suis</strong></span> 
     </span>
     <span class='ocr_line' id='line_1_24' title="bbox 483 3519 1534 3601; baseline -0.006 -22"><span class='ocrx_word' id='word_1_154' title='bbox 483 3521 615 3598; x_wconf 88' lang='lat' dir='ltr'><strong>quamvis</strong></span> <span class='ocrx_word' id='word_1_155' title='bbox 626 3541 726 3580; x_wconf 87' lang='lat' dir='ltr'><strong>revera</strong></span> <span class='ocrx_word' id='word_1_156' title='bbox 738 3522 912 3601; x_wconf 80' lang='lat' dir='ltr'><strong>epilepticus</strong></span> <span class='ocrx_word' id='word_1_157' title='bbox 923 3542 981 3579; x_wconf 92' lang='lat' dir='ltr'><strong>non</strong></span> <span class='ocrx_word' id='word_1_158' title='bbox 1033 3520 1166 3579; x_wconf 89' lang='lat' dir='ltr'><strong>manibus</strong></span> <span class='ocrx_word' id='word_1_159' title='bbox 1180 3520 1276 3598; x_wconf 85' lang='lat' dir='ltr'><strong>ignem</strong></span> <span class='ocrx_word' id='word_1_160' title='bbox 1291 3520 1412 3586; x_wconf 84' lang='lat' dir='ltr'><strong>ferrent,</strong></span> <span class='ocrx_word' id='word_1_161' title='bbox 1427 3529 1458 3577; x_wconf 88' lang='lat' dir='ltr'><strong>et</strong></span> <span class='ocrx_word' id='word_1_162' title='bbox 1472 3519 1534 3577; x_wconf 76' lang='lat' dir='ltr'><strong>dae.</strong></span> 
     </span>
     <span class='ocr_line' id='line_1_25' title="bbox 484 3598 1532 3680; baseline -0.003 -20"><span class='ocrx_word' id='word_1_163' title='bbox 484 3613 578 3668; x_wconf 62' lang='lat' dir='ltr'><strong>essem</strong></span> <span class='ocrx_word' id='word_1_164' title='bbox 599 3613 629 3659; x_wconf 85' lang='lat' dir='ltr'><strong>et</strong></span> <span class='ocrx_word' id='word_1_165' title='bbox 640 3622 698 3659; x_wconf 91' lang='lat' dir='ltr'><strong>non</strong></span> <span class='ocrx_word' id='word_1_166' title='bbox 710 3602 788 3660; x_wconf 91' lang='lat' dir='ltr'><strong>nude</strong></span> <span class='ocrx_word' id='word_1_167' title='bbox 798 3603 981 3680; x_wconf 80' lang='lat' dir='ltr'><strong>negationem</strong></span> <span class='ocrx_word' id='word_1_168' title='bbox 1033 3620 1134 3659; x_wconf 89' lang='lat' dir='ltr'><strong>mones</strong></span> <span class='ocrx_word' id='word_1_169' title='bbox 1150 3600 1279 3679; x_wconf 90' lang='lat' dir='ltr'><strong>impuros</strong></span> <span class='ocrx_word' id='word_1_170' title='bbox 1293 3598 1440 3658; x_wconf 86' lang='lat' dir='ltr'><strong>suffirent:</strong></span> <span class='ocrx_word' id='word_1_171' title='bbox 1464 3619 1532 3657; x_wconf 91' lang='lat' dir='ltr'><strong>cum</strong></span> 
     </span>
     <span class='ocr_line' id='line_1_26' title="bbox 485 3679 1583 3762; baseline 0 -22"><span class='ocrx_word' id='word_1_172' title='bbox 485 3683 704 3762; x_wconf 89' lang='lat' dir='ltr'><strong>inscripserunt,</strong></span> <span class='ocrx_word' id='word_1_173' title='bbox 716 3681 766 3741; x_wconf 87' lang='lat' dir='ltr'><strong>sed</strong></span> <span class='ocrx_word' id='word_1_174' title='bbox 778 3683 808 3740; x_wconf 91' lang='lat' dir='ltr'><strong>in</strong></span> <span class='ocrx_word' id='word_1_175' title='bbox 820 3682 921 3741; x_wconf 91' lang='lat' dir='ltr'><strong>multis</strong></span> <span class='ocrx_word' id='word_1_176' title='bbox 931 3703 982 3739; x_wconf 90' lang='lat' dir='ltr'><strong>an.</strong></span> <span class='ocrx_word' id='word_1_177' title='bbox 1034 3680 1153 3739; x_wconf 85' lang='lat' dir='ltr'><strong>latuerit</strong></span> <span class='ocrx_word' id='word_1_178' title='bbox 1173 3681 1215 3738; x_wconf 88' lang='lat' dir='ltr'><strong>eis</strong></span> <span class='ocrx_word' id='word_1_179' title='bbox 1236 3680 1362 3740; x_wconf 85' lang='lat' dir='ltr'><strong>stultitia</strong></span> <span class='ocrx_word' id='word_1_180' title='bbox 1383 3679 1462 3738; x_wconf 87' lang='lat' dir='ltr'><strong>illius</strong></span> <span class='ocrx_word' id='word_1_181' title='bbox 1480 3682 1532 3756; x_wconf 93' lang='lat' dir='ltr'><strong>qui</strong></span> <span class='ocrx_word' id='word_1_182' title='bbox 1547 3700 1583 3759; x_wconf 82' lang='lat'><strong>25</strong></span> 
     </span>
     <span class='ocr_line' id='line_1_27' title="bbox 484 3761 1535 3841; baseline -0.004 -20"><span class='ocrx_word' id='word_1_183' title='bbox 484 3763 597 3841; x_wconf 82' lang='lat' dir='ltr'><strong>gustiis,</strong></span> <span class='ocrx_word' id='word_1_184' title='bbox 613 3772 748 3839; x_wconf 86' lang='lat' dir='ltr'><strong>tanquam</strong></span> <span class='ocrx_word' id='word_1_185' title='bbox 765 3764 847 3841; x_wconf 87' lang='lat' dir='ltr'><strong>pueri</strong></span> <span class='ocrx_word' id='word_1_186' title='bbox 862 3762 983 3820; x_wconf 89' lang='lat' dir='ltr'><strong>oonsilio</strong></span> <span class='ocrx_word' id='word_1_187' title='bbox 1035 3761 1122 3819; x_wconf 82' lang='lat' dir='ltr'><strong>fecit:</strong></span> <span class='ocrx_word' id='word_1_188' title='bbox 1147 3762 1188 3820; x_wconf 86' lang='lat' dir='ltr'><strong>eis</strong></span> <span class='ocrx_word' id='word_1_189' title='bbox 1210 3771 1347 3820; x_wconf 74' lang='lat' dir='ltr'><strong>semestre</strong></span> <span class='ocrx_word' id='word_1_190' title='bbox 1365 3761 1535 3840; x_wconf 87' lang='lat' dir='ltr'><strong>imponetur</strong></span> 
     </span>
     <span class='ocr_line' id='line_1_28' title="bbox 485 3840 1535 3923; baseline -0.002 -22"><span class='ocrx_word' id='word_1_191' title='bbox 485 3857 516 3901; x_wconf 86' lang='lat' dir='ltr'><strong>et</strong></span> <span class='ocrx_word' id='word_1_192' title='bbox 528 3843 681 3922; x_wconf 84' lang='lat' dir='ltr'><strong>prudentia</strong></span> <span class='ocrx_word' id='word_1_193' title='bbox 692 3844 817 3923; x_wconf 85' lang='lat' dir='ltr'><strong>praediti,</strong></span> <span class='ocrx_word' id='word_1_194' title='bbox 827 3844 903 3901; x_wconf 88' lang='lat' dir='ltr'><strong>inter</strong></span> <span class='ocrx_word' id='word_1_195' title='bbox 912 3862 983 3921; x_wconf 85' lang='lat' dir='ltr'><strong>pue·</strong></span> <span class='ocrx_word' id='word_1_196' title='bbox 1035 3843 1064 3899; x_wconf 93' lang='lat' dir='ltr'><strong>in</strong></span> <span class='ocrx_word' id='word_1_197' title='bbox 1076 3842 1248 3921; x_wconf 81' lang='lat' dir='ltr'><strong>poenitentia</strong></span> <span class='ocrx_word' id='word_1_198' title='bbox 1259 3840 1462 3900; x_wconf 83' lang='lat' dir='ltr'><strong>conversionis.</strong></span> <span class='ocrx_word' id='word_1_199' title='bbox 1483 3840 1535 3899; x_wconf 89' lang='lat' dir='ltr'><strong>Sic</strong></span> 
     </span>
     <span class='ocr_line' id='line_1_29' title="bbox 486 3921 1534 4001; baseline -0.003 -21"><span class='ocrx_word' id='word_1_200' title='bbox 486 3943 533 3981; x_wconf 89' lang='lat' dir='ltr'><strong>ros</strong></span> <span class='ocrx_word' id='word_1_201' title='bbox 552 3923 722 4001; x_wconf 82' lang='lat' dir='ltr'><strong>insipientes</strong></span> <span class='ocrx_word' id='word_1_202' title='bbox 741 3924 923 3982; x_wconf 88' lang='lat' dir='ltr'><strong>inimicorum</strong></span> <span class='ocrx_word' id='word_1_203' title='bbox 938 3924 983 3980; x_wconf 90' lang='lat' dir='ltr'><strong>in.</strong></span> <span class='ocrx_word' id='word_1_204' title='bbox 1035 3923 1111 3980; x_wconf 91' lang='lat' dir='ltr'><strong>enim</strong></span> <span class='ocrx_word' id='word_1_205' title='bbox 1134 3923 1188 4000; x_wconf 82' lang='lat' dir='ltr'><strong>ipsi</strong></span> <span class='ocrx_word' id='word_1_206' title='bbox 1208 3941 1324 3999; x_wconf 90' lang='lat' dir='ltr'><strong>quoque</strong></span> <span class='ocrx_word' id='word_1_207' title='bbox 1340 3921 1432 3998; x_wconf 79' lang='lat' dir='ltr'><strong>magis</strong></span> <span class='ocrx_word' id='word_1_208' title='bbox 1447 3922 1534 3998; x_wconf 81' lang='lat' dir='ltr'><strong>juva-</strong></span> 
     </span>
     <span class='ocr_line' id='line_1_30' title="bbox 486 4001 1535 4081; baseline -0.001 -20"><span class='ocrx_word' id='word_1_209' title='bbox 486 4004 574 4062; x_wconf 86' lang='lat' dir='ltr'><strong>sidiaa</strong></span> <span class='ocrx_word' id='word_1_210' title='bbox 588 4003 727 4062; x_wconf 84' lang='lat' dir='ltr'><strong>ludificati</strong></span> <span class='ocrx_word' id='word_1_211' title='bbox 737 4016 806 4063; x_wconf 87' lang='lat' dir='ltr'><strong>sunt</strong></span> <span class='ocrx_word' id='word_1_212' title='bbox 816 4028 825 4075; x_wconf 80' lang='lat'><em>3</em></span> <span class='ocrx_word' id='word_1_213' title='bbox 843 4004 922 4063; x_wconf 88' lang='lat' dir='ltr'><strong>velut</strong></span> <span class='ocrx_word' id='word_1_214' title='bbox 933 4004 983 4079; x_wconf 92' lang='lat' dir='ltr'><strong>qui</strong></span> <span class='ocrx_word' id='word_1_215' title='bbox 1035 4004 1154 4067; x_wconf 87' lang='lat' dir='ltr'><strong>buntur,</strong></span> <span class='ocrx_word' id='word_1_216' title='bbox 1173 4003 1321 4081; x_wconf 86' lang='lat' dir='ltr'><strong>prophetae</strong></span> <span class='ocrx_word' id='word_1_217' title='bbox 1340 4001 1451 4059; x_wconf 87' lang='lat' dir='ltr'><strong>dictum</strong></span> <span class='ocrx_word' id='word_1_218' title='bbox 1472 4022 1535 4060; x_wconf 89' lang='lat' dir='ltr'><strong>me-</strong></span> 
     </span>
     <span class='ocr_line' id='line_1_31' title="bbox 488 4082 1588 4162; baseline 0.004 -21"><span class='ocrx_word' id='word_1_219' title='bbox 488 4085 524 4143; x_wconf 89' lang='lat' dir='ltr'><strong>ad</strong></span> <span class='ocrx_word' id='word_1_220' title='bbox 542 4083 642 4142; x_wconf 86' lang='lat' dir='ltr'><strong>altaria</strong></span> <span class='ocrx_word' id='word_1_221' title='bbox 653 4086 834 4149; x_wconf 82' lang='lat' dir='ltr'><strong>accesserint,</strong></span> <span class='ocrx_word' id='word_1_222' title='bbox 849 4084 896 4142; x_wconf 88' lang='lat' dir='ltr'><strong>vel</strong></span> <span class='ocrx_word' id='word_1_223' title='bbox 910 4095 984 4142; x_wconf 84' lang='lat' dir='ltr'><strong>tam-</strong></span> <span class='ocrx_word' id='word_1_224' title='bbox 1036 4083 1173 4148; x_wconf 84' lang='lat' dir='ltr'><strong>ditantes,</strong></span> <span class='ocrx_word' id='word_1_225' title='bbox 1184 4094 1214 4141; x_wconf 86' lang='lat' dir='ltr'><strong>et</strong></span> <span class='ocrx_word' id='word_1_226' title='bbox 1225 4082 1369 4141; x_wconf 89' lang='lat' dir='ltr'><strong>dicentes:</strong></span> <span class='ocrx_word' id='word_1_227' title='bbox 1388 4082 1537 4141; x_wconf 73' lang='lat' dir='ltr'><strong>Paruulus</strong></span> <span class='ocrx_word' id='word_1_228' title='bbox 1548 4106 1588 4162; x_wconf 84' lang='lat'><strong>30</strong></span> 
     </span>
     <span class='ocr_line' id='line_1_32' title="bbox 488 4163 1537 4242; baseline -0.002 -19"><span class='ocrx_word' id='word_1_229' title='bbox 488 4185 573 4240; x_wconf 91' lang='lat' dir='ltr'><strong>quam</strong></span> <span class='ocrx_word' id='word_1_230' title='bbox 583 4165 633 4242; x_wconf 94' lang='lat' dir='ltr'><strong>qui</strong></span> <span class='ocrx_word' id='word_1_231' title='bbox 645 4164 775 4223; x_wconf 82' lang='lat' dir='ltr'><strong>libellum</strong></span> <span class='ocrx_word' id='word_1_232' title='bbox 785 4165 929 4233; x_wconf 85' lang='lat' dir='ltr'><strong>dederint,</strong></span> <span class='ocrx_word' id='word_1_233' title='bbox 939 4164 985 4223; x_wconf 89' lang='lat' dir='ltr'><strong>vel</strong></span> <span class='ocrx_word' id='word_1_234' title='bbox 1037 4172 1122 4222; x_wconf 78' lang='lat' dir='ltr'><strong>nolas</strong></span> <span class='ocrx_word' id='word_1_235' title='bbox 1141 4173 1181 4222; x_wconf 81' lang='lat' dir='ltr'><strong>eat</strong></span> <span class='ocrx_word' id='word_1_236' title='bbox 1204 4163 1292 4228; x_wconf 76' lang='lat' dir='ltr'><strong>nobit,</strong></span> <span class='ocrx_word' id='word_1_237' title='bbox 1305 4172 1331 4221; x_wconf 83' lang='lat' dir='ltr'><strong>et</strong></span> <span class='ocrx_word' id='word_1_238' title='bbox 1343 4163 1426 4237; x_wconf 82' lang='lat' dir='ltr'><strong>filius</strong></span> <span class='ocrx_word' id='word_1_239' title='bbox 1448 4165 1537 4221; x_wconf 81' lang='lat' dir='ltr'><strong>datus</strong></span> 
     </span>
     <span class='ocr_line' id='line_1_33' title="bbox 488 4242 1536 4325; baseline -0.001 -23"><span class='ocrx_word' id='word_1_240' title='bbox 488 4246 537 4321; x_wconf 92' lang='lat' dir='ltr'><strong>qui</strong></span> <span class='ocrx_word' id='word_1_241' title='bbox 560 4267 612 4325; x_wconf 89' lang='lat' dir='ltr'><strong>pro</strong></span> <span class='ocrx_word' id='word_1_242' title='bbox 633 4266 664 4303; x_wconf 89' lang='lat' dir='ltr'><strong>se</strong></span> <span class='ocrx_word' id='word_1_243' title='bbox 683 4245 814 4304; x_wconf 85' lang='lat' dir='ltr'><strong>ethnicos</strong></span> <span class='ocrx_word' id='word_1_244' title='bbox 835 4246 983 4304; x_wconf 86' lang='lat' dir='ltr'><strong>summise-</strong></span> <span class='ocrx_word' id='word_1_245' title='bbox 1037 4253 1077 4302; x_wconf 77' lang='lat' dir='ltr'><strong>es!</strong></span> <span class='ocrx_word' id='word_1_246' title='bbox 1090 4244 1175 4309; x_wconf 66' lang='lat' dir='ltr'><strong>scobis,</strong></span> <span class='ocrx_word' id='word_1_247' title='bbox 1187 4242 1323 4320; x_wconf 81' lang='lat' dir='ltr'><strong>ctfnctua</strong></span> <span class='ocrx_word' id='word_1_248' title='bbox 1334 4253 1375 4302; x_wconf 76' lang='lat' dir='ltr'><strong>est</strong></span> <span class='ocrx_word' id='word_1_249' title='bbox 1385 4244 1536 4322; x_wconf 85' lang='lat' dir='ltr'><strong>principa·</strong></span> 
     </span>
    </p>
   </div>
   <div class='ocr_carea' id='block_1_6' title="bbox 685 4391 1416 4489">
    <p class='ocr_par' dir='ltr' id='par_1_7' title="bbox 685 4391 1416 4489">
     <span class='ocr_line' id='line_1_34' title="bbox 685 4391 1416 4489; baseline 0 -16"><span class='ocrx_word' id='word_1_250' title='bbox 685 4426 919 4489; x_wconf 72' lang='lat' dir='ltr'><strong>ereg.xxi.13.</strong></span> <span class='ocrx_word' id='word_1_251' title='bbox 1197 4424 1337 4474; x_wconf 64' lang='lat' dir='ltr'><strong>alcino.</strong></span> <span class='ocrx_word' id='word_1_252' title='bbox 1414 4391 1416 4397; x_wconf 62' lang='lat'>&lt;</span> 
     </span>
    </p>
   </div>
   <div class='ocr_carea' id='block_1_7' title="bbox 0 0 2072 5150">
    <p class='ocr_par' dir='ltr' id='par_1_8' title="bbox 0 0 2072 5150">
     <span class='ocr_line' id='line_1_35' title="bbox 0 0 2072 5150; baseline 0 0"><span class='ocrx_word' id='word_1_253' title='bbox 0 0 2072 5150; x_wconf 95' lang='lat' dir='ltr'><strong> </strong></span> 
     </span>
    </p>
   </div>
  </div>
 </body>
</html>
