4092 5150
473 429 540 490 210
823 417 1181 485 ANNOTATIONES

927 589 1414 672 (PatetAneyrenunet-Nieoenua,
1429 598 1525 668 penten

945 674 1026 732 urbia
1039 673 1127 750 bnjue
1138 671 1169 729 N
1170 689 1367 730 eoeaeaareaee
1387 670 1524 748 ieeepua.)

929 753 979 827 (Ρ.
992 754 1032 813 V.
1046 750 1216 832 Amphiliou.
1242 751 1334 810 Pater
1385 769 1527 828 neyranus

948 844 978 892 et
992 833 1156 906 Niennus.)

900 914 1174 1055 {(Chorepineopua
1188 911 1382 991 Cappadociae
1390 911 1422 967 in
1434 909 1527 969 Calai.

949 994 1059 1054 [sideri
1072 994 1193 1068 dietus.)

910 1071 980 1164 llP.
988 1092 1023 1149 V.
1030 1091 1174 1170 Enylriua.
1188 1090 1326 1149 Fortasse
1336 1097 1421 1167 peter
1432 1087 1527 1146 Nice-

951 1192 1014 1231 uua.
1038 1171 1147 1230 Saltem
1158 1172 1234 1231 inter
1245 1180 1345 1251 petras
1355 1187 1526 1226 commemo·

950 1264 1052 1310 rantur
1066 1251 1125 1310 dno
1136 1252 1261 1329 episeopi
1274 1248 1354 1327 apud
1368 1247 1529 1328 provinciae

952 1333 1121 1411 Bithyniam
1140 1343 1169 1391 et
1189 1330 1360 1389 Armeniam
1382 1328 1527 1385 Minorem

948 1412 1018 1472 dieti
1031 1412 1163 1471 Enelhiaa
1173 1431 1225 1470 aen
1237 1410 1370 1475 Elatiae,
1379 1409 1431 1486 qni
1442 1419 1486 1466 eat
1499 1407 1528 1464 in

956 1493 1091 1552 Theodori
1108 1493 1246 1570 Calnlugo
1265 1489 1449 1548 Nicaeamm
1463 1488 1527 1557 nal·

913 1589 924 1648 ι
951 1577 1015 1633 Osee.

478 1660 522 1717 Lu
546 1679 590 1717 un.
933 1653 994 1728 (De
1008 1653 1121 1713 eonilet
1135 1655 1168 1712 P.
1177 1655 1215 1710 V.
1229 1653 1318 1710 Peter
1330 1650 1527 1727 Ancyreum.)

478 1680 665 1797 Valentinus.

481 1819 651 1877 Gerontiua.
932 1817 1083 1887 (Fortasse
1096 1827 1178 1895 peter
1193 1815 1360 1886 Nieaenun)

477 1900 640 1958 Nereisaua.
930 1895 1034 1965 (Pater
1049 1897 1223 1976 Ancyrunua
1237 1905 1268 1952 et
1283 1894 1314 1951 N
1317 1895 1453 1964 icaenue.)

930 1974 1420 2055 (PaterAucyranuaetNicaenus.
1445 1973 1530 2030 Urbis

948 2057 1041 2135 ipsius
1058 2057 1255 2115 Neocaesaoeae
1276 2054 1453 2133 episcopus;
1482 2051 1528 2110 sed

479 2141 639 2216 Longinus.
949 2141 1092 2212 Λογγωνὸς
1105 2137 1133 2194 iu
1149 2134 1295 2194 Theodori
1320 2133 1462 2208 Culaloge
1477 2134 1529 2191 Ni-

948 2237 1086 2278 cenerum
1097 2217 1232 2293 alibique,
1242 2228 1277 2273 ut
1291 2234 1382 2293 supra
1394 2214 1469 2277 dixi.
1480 2234 1528 2271 ne·

948 2298 1099 2372 minatae.)

480 2383 614 2439 Sanctus.
933 2376 983 2449 (P.
993 2379 1029 2434 V.
1040 2379 1210 2451 xantulus.)

933 2464 1032 2536 (RV.
1045 2465 1226 2523 Pkulminon.
1254 2462 1324 2520 For.
1335 2474 1422 2540 puter
1431 2461 1529 2541 Ancy.

480 2547 645 2606 salaminus
659 2545 695 2604 el.
708 2545 866 2604 Salminue.
951 2565 1039 2605 renue
1062 2556 1093 2604 et
1117 2546 1264 2604 Nieaenus.
1297 2542 1369 2602 vid.
1390 2563 1479 2621 snpra
1495 2543 1529 2601 ad

827 2665 829 2669 -
954 2626 1062 2685 Concil.
1079 2629 1225 2706 Ancyrae.
1241 2647 1269 2704 p.
1284 2641 1351 2699 173.

453 601 628 699 'neonem
900 608 918 733 {

475 801 634 879 amphion.
901 767 919 891 l

476 961 652 1040 Stephanus.

934 2722 1179 2800 (Chorepiscopus
1190 2718 1382 2796 Cappadociae
1394 2720 1424 2776 in
1436 2719 1528 2775 Calai.

483 2840 640 2900 Rudueal.
657 2839 767 2898 Redua.
900 2718 929 3038 ἱ
952 2802 1060 2860 I³ld⁰rl
1087 2801 1205 2894 flictu&-
1234 2799 1330 2857 sedus
1361 2799 1391 2855 5¹¹
1424 2797 1529 2891 lqldort'

952 2883 1032 2940 codd.
1049 2882 1227 2958 Hispanam.
1273 2879 1374 2937 Habet
1386 2879 1466 2937 Sebu
1478 2900 1527 2935 no.

951 2983 1017 3021 men
1034 2962 1069 3019 P.
1083 2963 1137 3034 V.)

484 3043 627 3100 Dicasine.
936 3044 1039 3115 (Pater
1053 3043 1217 3112 Nicaeuue.)

480 3136 524 3202 Et
540 3138 646 3215 aeleri,
663 3138 715 3223 qui
732 3146 914 3202 statuerunt
929 3139 1074 3223 nuperius
1088 3138 1237 3223 seriptass'

524 3239 624 3301 Haud
638 3249 730 3304 extat
745 3240 885 3303 clausula
900 3240 933 3303 iu
950 3241 1061 3304 Priscu
1075 3241 1239 3316 Versione,
1257 3239 1311 3302 ubi
1331 3260 1390 3323 pro
1406 3241 1530 3303 duobus

481 3341 541 3404 illis
565 3341 708 3425 putribus
734 3343 842 3426 Lupus
860 3352 894 3406 et
916 3342 1027 3406 Budua
1049 3345 1182 3406 duorum
1209 3340 1378 3425 praesulum
1404 3343 1531 3405 nomina

482 3442 582 3505 Pauli
594 3452 627 3507 et
642 3441 738 3519 Salii,
755 3443 810 3506 sed
825 3443 887 3507 alio
902 3444 1023 3521 ordine,
1039 3444 1144 3528 posita
1159 3454 1243 3506 sunl.
1279 3442 1412 3506 Interea
1424 3442 1531 3505 decem

483 3545 595 3609 sallem
611 3568 650 3608 ex
666 3546 774 3609 decem
791 3554 824 3609 et
839 3568 950 3609 novem
965 3547 1016 3610 hie
1033 3546 1202 3610 nominatis
1215 3544 1380 3629 Aneyruni
1392 3544 1532 3619 fuerunt,

483 3670 593 3711 novem
609 3658 715 3713 autem
732 3658 766 3713 el
777 3651 912 3712 sortasse
928 3650 1033 3733 plures
1050 3648 1183 3712 Nieaeni.
1229 3650 1309 3711 Post
1323 3655 1435 3710 autem
1453 3647 1532 3709 Ver-

484 3749 580 3812 aiouis
597 3749 714 3813 Priseae
731 3750 929 3835 Getulogum‚
946 3773 1038 3836 quem
1060 3774 1123 3814 uua
1138 3772 1208 3813 eum
1229 3749 1339 3813 ulteria
1355 3749 1484 3812 duobus
1501 3749 1532 3811 in

483 3852 558 3915 edit.
583 3875 641 3916 ena.
667 3854 868 3947 Caruilianum
887 3854 993 3938 posuit
1018 3853 1214 3928 lietduinus,
1240 3852 1300 3916 hoe
1324 3852 1375 3914 ille
1398 3853 1532 3925 notavit,

484 3961 503 3987 ‘⁴
519 3953 612 4016 Alios
628 3960 766 4037 (patrea)
786 3955 906 4018 hubent
927 3955 979 4019 ulii
1004 3956 1103 4019 MSS.
1119 3954 1248 4018 mirifice
1268 3976 1377 4018 omnes
1393 3955 1531 4038 inlerpa

485 4063 503 4089 “
520 4055 606 4118 lati.”
652 4057 738 4119 Nihil
754 4080 828 4121 vero
843 4059 884 4121 ab
902 4059 1071 4122 Hurduino
1092 4059 1244 4142 seriptum
1265 4057 1414 4133 invenies,
1431 4057 1479 4121 vel
1494 4058 1533 4118 de

485 4157 639 4239 putribus,
671 4159 723 4243 qui
757 4160 788 4221 in
819 4160 922 4223 tribue
948 4160 1096 4224 Goneiliie
1126 4162 1272 4243 Ancyrae,
1305 4163 1531 4237 Neoeaeeareae,

486 4257 591 4321 Nieeae
616 4260 775 4337 sederunt,
792 4262 839 4324 vel
863 4262 903 4325 de
927 4283 1057 4325 numero
1077 4261 1244 4347 praesulum
1268 4263 1319 4326 hie
1343 4271 1377 4328 et
1398 4265 1532 4348 Aneyrae

486 4361 696 4426 collectorum.
743 4364 806 4427 Pro
822 4366 930 4428 decem
950 4374 1059 4429 eutem
1082 4374 1115 4428 et
1136 4386 1246 4428 novem
1268 4367 1415 4449 patribus
1435 4368 1532 4431 donet
