4092 5150
693 1452 1290 1550 ANNOTATIONES

488 1724 554 1806 IN
583 1725 856 1808 CONClLll
889 1726 1160 1810 NEOCAES.
1191 1724 1494 1807 CANONES.

884 1968 1108 2002 .-.,,,.,

515 2153 553 2218 P.
575 2155 644 2218 181.
660 2155 680 2219 l.
694 2178 726 2241 5.
743 2157 975 2242 Νεοκωσαρείᾳ]
990 2156 1198 2220 Neooaesarea
1212 2156 1347 2220 esturbs
1356 2153 1524 2240 Cappado-

472 2256 530 2320 oiae
555 2257 588 2319 in
612 2259 718 2321 Ponto
741 2259 973 2335 Polemoniaoo,
997 2259 1081 2322 unde
1103 2258 1201 2322 etiam
1223 2260 1241 2337 ἡ
1264 2260 1338 2321 κατὰ
1360 2259 1483 2320 Πόντου
1503 2276 1526 2320 a

473 2358 663 2423 lesamone
683 2367 717 2425 et
737 2362 866 2425 Zonsra
883 2362 944 2425 hoo
963 2361 996 2423 in
1012 2361 1083 2425 loeo
1103 2361 1237 2425 dieitur:
1261 2361 1301 2424 de
1322 2382 1387 2445 qua
1403 2358 1526 2423 Plinius

472 2461 616 2527 meminit
638 2464 725 2528 Hist.
749 2463 823 2528 Nat.
845 2464 898 2529 lib.
914 2464 953 2528 vi.
970 2486 1039 2548 oap.
1055 2484 1086 2549 3.
1109 2469 1143 2527 et
1167 2463 1355 2527 Ptolemaeus
1370 2462 1404 2525 in
1422 2462 1526 2546 prims

473 2563 585 2629 tabula
600 2564 695 2629 Asiae.
742 2565 805 2630 Hie
820 2589 896 2652 ergo
911 2566 1072 2631 celebrata
1087 2566 1148 2630 fuit
1166 2587 1307 2651 praesens
1324 2563 1465 2650 synodus
1483 2562 1526 2627 ab

472 2665 584 2730 iisdem
605 2667 672 2731 sere
693 2668 854 2744 Patribus,
870 2691 891 2733 a
911 2669 1026 2754 quibus
1044 2672 1226 2753 Aneyrana,
1242 2676 1276 2732 et
1297 2668 1408 2730 eodem
1428 2665 1526 2731 etiam

473 2790 569 2845 anno,
583 2769 632 2832 vel
650 2769 764 2834 saltem
784 2772 943 2856 sequenti,
958 2772 1023 2836 sive
1038 2793 1089 2835 an.
1107 2772 1202 2834 Dom.
1218 2791 1256 2856 3¹
1261 2792 1295 2855 5.
1341 2770 1438 2835 Unde
1453 2791 1526 2833 eon·

475 2878 543 2936 stat
565 2871 647 2934 hano
669 2879 744 2937 ante
768 2873 931 2938 Nioaenam
953 2874 1116 2959 Synodum
1135 2875 1244 2938 deoem
1261 2873 1333 2959 plus
1351 2873 1456 2936 minus
1472 2892 1528 2935 an-

475 2974 525 3037 nis
543 2973 687 3039 habitam
707 2974 812 3040 suisse.
858 2976 902 3040 Et
924 2999 963 3041 ea
985 2977 1113 3062 quidem
1134 2975 1346 3060 antiquiorem
1367 2995 1436 3038 esse
1452 2973 1529 3037 Dio-

476 3075 583 3161 nysius
608 3076 753 3161 Exiguus
779 3079 875 3143 etiarn
900 3086 1039 3143 testatus
1061 3086 1111 3142 est
1134 3078 1164 3141 in
1190 3077 1376 3162 prefatione
1402 3075 1444 3139 sd
1470 3075 1530 3138 hos

476 3200 623 3253 canones,
646 3179 763 3253 dicens,
790 3181 833 3245 Et
855 3180 905 3244 hoe
927 3181 1044 3266 regulae
1066 3187 1140 3266 post
1161 3202 1216 3244 ens
1238 3179 1366 3264 quidem
1392 3177 1530 3263 proban·

477 3289 542 3355 tur,
559 3304 630 3367 quae
645 3283 733 3365 apud
748 3286 910 3367 Aneyram
933 3283 1087 3368 exposita²
1105 3289 1189 3355 sunt,
1211 3283 1266 3345 sed
1282 3280 1421 3344 Nioaenis
1439 3288 1531 3344 ante-

479 3385 578 3449 riores
592 3386 805 3471 reperiuntur.
828 3387 874 3451 Et
883 3393 973 3450 vetus
986 3385 1121 3450 Latinus
1133 3385 1287 3470 interpres
1297 3383 1331 3447 in
1345 3404 1403 3446 sna
1417 3381 1531 3446 itidem

478 3487 521 3551 ad
544 3487 602 3551 hos
623 3511 761 3553 canones
783 3488 980 3574 praefatione,
1007 3487 1125 3562 dicens,
1155 3486 1214 3551 Isti
1241 3506 1378 3550 canones
1400 3484 1532 3551 oeoundi

479 3596 555 3653 sunt
570 3591 813 3675 Aneyrensium,
830 3591 883 3676 qui
901 3591 1017 3672 (apud)
1035 3588 1267 3653 Neooaesariam
1282 3593 1358 3650 sunt
1372 3586 1530 3672 expositi:

480 3699 515 3756 et
537 3691 570 3754 hi
591 3692 712 3776 priores
732 3702 808 3758 sunt
824 3692 971 3756 Nieaenis.
1017 3692 1072 3755 Ab
1094 3691 1154 3755 hoo
1176 3690 1307 3755 coneilio
1328 3689 1362 3752 in
1384 3689 1534 3754 omnibus

482 3792 606 3857 Graeois
627 3794 799 3872 oodioibus,
815 3794 1012 3858 Balsamonis
1032 3794 1209 3878 prasertim
1231 3801 1266 3857 et
1280 3794 1426 3868 Zonaras,
1442 3792 1534 3878 quin-

482 3896 584 3960 deeim
614 3919 751 3962 oenones
780 3898 857 3962 editi
887 3896 1103 3980 perhibentur.
1162 3895 1225 3959 Sed
1255 3895 1288 3957 in
1316 3915 1535 3958 nomooanone

484 3995 626 4060 Arabico
655 3997 687 4059 in
716 3996 916 4062 Bibliotheca
944 4003 1056 4059 nostra
1087 3997 1261 4060 Bodleiana
1292 3995 1535 4082 quatuordeeim

484 4103 612 4161 tantum
632 4106 849 4163 numerantur.
895 4096 1019 4181 Quippe
1040 4098 1072 4160 in
1093 4100 1215 4182 quode
1236 4097 1385 4183 praesenti
1405 4096 1535 4182 Synodo

484 4199 553 4263 haeo
573 4198 725 4264 habemns
743 4201 886 4285 (Latine)
903 4201 947 4264 st
964 4210 1062 4264 sentus
1085 4211 1126 4264 eet
1146 4200 1221 4265 liber
1241 4222 1390 4265 cononum
1410 4198 1537 4265 meandi

489 4301 620 4365 Consilii
641 4303 675 4366 in
698 4305 872 4388 Compendi
896 4303 981 4384 (sio),
1004 4303 1198 4368 denominata
1219 4305 1311 4368 etiam
1334 4306 1491 4383 Coesorso,
1507 4312 1537 4368 st
