4092 5150
807 393 1178 459 ANNOTATIONES

864 631 1015 699 OANON
1040 632 1138 696 VIII.

521 753 558 817 P.
574 772 627 837 31.
643 753 663 815 1.
681 773 688 815 ι
703 773 729 815 ι.
742 753 958 836 ὁμολογοῦσιν]
985 754 1054 824 Καὶ,
1071 752 1154 837 quod
1178 752 1210 814 in
1231 751 1322 815 editu
1341 749 1415 815 huic
1430 751 1520 814 verbo

475 859 678 938 ὁμολογοῦσιν
703 856 868 940 praefiaum
898 862 957 928 est,
987 865 1074 918 reato
1103 855 1258 920 omittunt
1285 876 1337 919 σου
1361 852 1521 917 Βοάὲσῖαιιὶ

475 959 596 1044 scripti,
612 958 835 1042 Horvotusquo
849 958 1015 1042 interpres.
1065 959 1205 1035 Interea,
1219 959 1328 1022 forsan
1341 956 1521 1043 explioatio·

476 1063 526 1127 nis
546 1062 662 1149 gratia,
686 1062 806 1126 habent
828 1061 912 1125 oodd.
937 1064 986 1124 26.
1010 1070 1044 1126 at
1070 1067 1143 1146 625.
1164 1060 1218 1125 εἶθ’
1242 1063 1333 1129 οὕτως
1355 1086 1389 1124 τε
1413 1062 1522 1125 ἑαυτοῖς

472 1167 734 1246 προσεληλυθόσιν
762 1186 820 1249 pro
849 1172 910 1231 τοῖς
934 1190 967 1228 τε
991 1165 1090 1231 αὐτοῖς
1112 1190 1142 1228 π.
1189 1163 1299 1250 Neque
1322 1161 1410 1227 anim
1432 1161 1521 1226 alitor

476 1290 630 1333 oauonorn
655 1275 818 1353 exponunt
844 1276 1110 1331 commentatores
1136 1266 1183 1331 vol
1210 1265 1326 1330 vetusti
1349 1265 1399 1329 voi
1421 1285 1520 1328 rooeu·

476 1369 585 1435 tiores.
632 1367 764 1432 Habent
788 1370 902 1433 ἑαυτοῖς
922 1388 1046 1451 quoquo
1065 1376 1125 1431 tres
1142 1374 1297 1450 praeterea
1313 1363 1446 1449 smmi,-
1469 1383 1521 1425 neo

476 1471 602 1534 diversa
623 1469 747 1534 ratione
769 1492 829 1531 vox
851 1468 1021 1532 adhibetur
1043 1467 1134 1531 initio
1156 1466 1294 1531 Ganonis
1314 1465 1457 1551 proniore
1478 1485 1520 1527 sa·

477 1573 614 1658 quentis.
663 1573 764 1636 Extat
792 1573 824 1635 in
855 1571 986 1635 Ροάαῖῖο
1015 1573 1063 1634 καὶ
1086 1573 1288 1651 ὁμολογοῦσιν
1313 1572 1440 1634 ἑαυτοῖς.
1486 1568 1521 1630 In

475 1676 574 1738 altera
589 1674 719 1758 ἀμαυροὶ
732 1672 958 1755 προδεδομένοις
972 1695 1031 1759 pro
1046 1670 1303 1754 παραδεδομέναις.

523 1774 604 1837 lbid.
621 1773 642 1836 l.
660 1776 707 1836 16.
731 1778 765 1853 τῇ
788 1773 974 1854 παρακλήσει
991 1775 1168 1860 τοῦλόγου]
1192 1774 1354 1837 Zonaras:
1384 1773 1451 1840 τοὺς
1471 1796 1521 1837 τοι·

475 1879 579 1944 οῦτονς
594 1878 722 1956 εὔλογον
738 1878 829 1957 κρίνει
844 1879 860 1938 ὁ
876 1873 1049 1957 ἀγιος-διδ
1063 1879 1156 1958 λόγου
1176 1882 1373 1957 παρακαλεῖν,
1388 1875 1453 1954 ἤτοι
1471 1880 1522 1938 διε·

478 1981 589 2060 γείρειν
604 1975 708 2044 αὐτοὺς
719 1980 760 2044 εἰς
771 1977 825 2055 τὴν
834 1980 1005 2058 μαρτυρίαν,
1018 1979 1068 2042 ἵνα
1079 1979 1152 2060 πρδς
1162 1979 1216 2042 τδν
1227 1981 1329 2060 ἀγῶνα
1339 1977 1523 2056 εὐτονάτεροι

477 2081 633 2162 γένωνται.
658 2078 833 2163 Apostolus
848 2079 946 2144 habet
961 2087 1013 2144 τοῦ
1028 2083 1122 2162 λόγου
1136 2084 1188 2159 τῆς
1201 2079 1426 2161 παρακλήσεως.
1442 2066 1522 2142 Ηοδ.

478 2181 532 2245 xii.
551 2200 600 2244 az.
626 2181 727 2245 Paulo
742 2191 814 2266 post
826 2182 973 2250 vitiosam
984 2191 1164 2248 mutaverat
1174 2182 1342 2247 lectionem
1353 2182 1525 2263 κληρόσεος

478 2283 511 2347 in
534 2283 667 2362 κλήσεως
691 2284 891 2369 Bevoregius,
913 2285 1112 2353 firmantibus
1135 2285 1293 2361 onmibus,
1314 2284 1430 2369 quibus
1455 2304 1525 2346 usus

479 2409 561 2462 sum,
577 2387 747 2451 codicibus.

525 2491 608 2555 Ibid.
619 2490 639 2553 1.
654 2494 700 2553 18.
715 2491 845 2576 ἑπτάκις]
859 2491 1025 2556 Balsama:
1048 2493 1082 2555 τὸ
1092 2492 1219 2564 ἑπτάκις,
1232 2493 1299 2555 ἀντὶ
1309 2497 1362 2555 τοῦ
1373 2489 1525 2556 πολλάκις.

527 2594 564 2657 P.
579 2611 632 2677 32.
658 2593 678 2656 l.
704 2613 732 2658 a.
763 2597 924 2673 μετανοίαν
953 2592 1153 2677 ἐνεδείξαντο]
1188 2592 1297 2658 Habet
1324 2593 1469 2656 Zonaras
1495 2592 1526 2654 in

480 2694 608 2770 Scholia,
623 2694 812 2772 ἀνεδείξαντο
828 2694 866 2759 ἀν
880 2697 1070 2775 τελειοτάτην
1083 2698 1252 2775 μετανοίαν.
1291 2694 1441 2764 Balsama
1456 2714 1526 2757 vero

481 2800 663 2876 ἀνεδέξαντο
679 2794 717 2860 ἀν
731 2798 920 2876 τελεωτάτην
933 2824 964 2877 μ.
1010 2797 1049 2860 ln
1069 2797 1132 2862 cod.
1152 2801 1226 2882 625.
1249 2796 1400 2867 scribitur
1419 2797 1523 2862 ἑνεδεῖ·

480 2925 596 2963 κνυντο.
642 2899 768 2967 Forsan
780 2899 898 2968 excidit
913 2899 951 2964 ἂν
965 2910 1038 2986 post
1052 2903 1222 2980 μετανοίαν.
1314 2985 1317 2990 ¹

884 3103 1037 3171 GANON
1062 3105 1127 3168 IX.

527 3216 611 3279 Ibid.
634 3215 654 3278 l.
669 3235 701 3300 5.
726 3218 783 3279 Καὶ
805 3223 868 3283 τοῖς
889 3219 921 3279 δὲ
944 3218 983 3283 ὣς
1004 3217 1042 3279 ἀν
1065 3219 1096 3295 ἐξ
1118 3216 1165 3280 ὑπ’
1189 3221 1280 3282 ὕπνον
1304 3221 1374 3303 &ai
1401 3220 1527 3305 Optima

482 3339 570 3381 moro
598 3340 656 3380 suo
682 3320 845 3383 Zonaras:
874 3322 918 3387 Οῖ,
940 3322 1005 3400 ὁμτι
1031 3325 1083 3383 τοῦ
1104 3323 1197 3386 ῦπνου
1223 3322 1458 3401 ἐξανιστάμενοι,
1483 3324 1528 3388 καῖ

480 3426 599 3498 μᾶλλον
615 3424 642 3486 si
655 3424 798 3501 ὁμάϋπνοι
814 3423 884 3496 εἶεν,
901 3424 935 3487 οὗ
950 3422 1151 3500 καθεστήκοτα
1165 3423 1217 3486 τὸν
1232 3424 1382 3504 λογισμὸν
1396 3426 1526 3509 ἔχουσιν,

482 3528 564 3587 ἀλλά
590 3525 810 3606 τεταραγμένον
836 3527 883 3589 καὶ
908 3525 1123 3589 ἀκατάστατον·
1145 3528 1287 3592 τοιούτοις
1308 3529 1527 3607 παρείκασενά

485 3626 655 3708 ἱερομάρτνς
681 3629 765 3693 οὗτος
790 3628 857 3695 τοὺς
881 3633 1114 3708 παραπηδῶντας
1136 3632 1178 3696 εἰς
1199 3628 1267 3696 τοὺς
1289 3632 1417 3711 ἀγῶνας,
1439 3631 1529 3712 ἤγουν

483 3726 551 3794 τοὺς
564 3730 604 3808 μὴ
620 3728 762 3796 εὐτάκτως
776 3732 857 3793 ἀλλά
871 3730 1005 3810 θρασέως
1023 3734 1072 3795 καὶ
1093 3732 1315 3813 ἀπερισκέπτως
1334 3735 1529 3800 εῖσωθοΰντας

485 3830 606 3897 ἑαυτοὺς
624 3833 666 3898 εῖς
683 3832 736 3895 τὸν
756 3834 867 3913 ἀγῶνα,
889 3833 1042 3905 ὠδίνοντα,
1067 3834 1114 3897 καὶ
1133 3834 1286 3913 μέλλοντα
1308 3837 1445 3912 ἑλκῦσαι,
1466 3836 1529 3900 ἀντὶ

485 3938 537 3995 τοῦ
554 3933 639 4012 μήπω
655 3937 696 4000 εἷς
715 3935 848 4016 φανερὸν
868 3934 1041 4016 ἐκραγέντα,
1056 3937 1139 3999 ἀλλά
1158 3938 1376 4017 μελετώμενον,
1393 3940 1442 4002 καὶ
1457 3938 1529 4017 μέλ

486 4044 591 4109 λοντα,
614 4037 679 4115 ἤτοι
703 4039 902 4116 βραδύνοντα,
925 4040 1049 4101 ἑλκῦσαι
1073 4036 1140 4105 τοὺς
1161 4038 1405 4121 ἀγωνιζομένους,
1426 4042 1532 4108 οἵτινες

486 4137 651 4216 πειρασμὸν
677 4140 868 4211 ἐπισπῶνται,
894 4139 987 4219 ἤγουν
1009 4142 1050 4206 εἰς
1072 4139 1190 4208 ἑαυτοὺς
1212 4143 1333 4208 ἕλκουσι
1354 4144 1529 4224 πειρασμὸν,

485 4243 605 4316 μᾶλλον
619 4241 650 4302 δέ
666 4241 713 4303 καὶ
731 4242 836 4307 ἀλλοις
849 4248 965 4307 πιστοῖς
979 4241 1162 4307 ἀνάπτουσιν
1176 4245 1324 4324 ἄνθρακας
1338 4248 1533 4327 ἁμαρτωλῶν,

488 4343 539 4410 τὰς
555 4343 586 4405 ἐκ
601 4347 659 4407 τῶν
674 4342 824 4420 τυράννων
840 4345 976 4422 δηλονότι
992 4344 1140 4410 κολάσεις.
1189 4345 1268 4412 Ideo
1289 4345 1393 4411 solent
1412 4347 1532 4433 culpari
