4092 5150
550 421 614 488 290
702 419 860 483 GESTA
885 417 1217 482 PURGATIONIS
1242 415 1445 481 FELICIS.

550 590 633 655 Nam
657 590 792 654 Paulino
815 589 866 653 hic
889 590 1134 654 administrante
1156 589 1240 654 vices
1264 588 1503 675 praiectcrnm,
1525 587 1591 652 sub·

550 707 682 763 ornatus
706 709 755 763 est
781 698 910 784 quidam
936 698 1078 783 privatus
1100 698 1205 774 homo,
1229 697 1284 782 qui
1311 698 1442 762 modum
1466 695 1596 761 cursoris
1647 773 1650 778 Ι

548 811 690 885 haberet,
708 810 761 895 qui
783 811 824 874 ad
847 809 1011 873 catholicae
1033 810 1189 874 unitatem
1210 811 1342 886 reniret,
1359 818 1460 895 atque
1482 831 1537 872 eos
1554 808 1596 870 in·

548 923 679 986 duceret
694 928 726 985 et
749 929 893 985 terreret.
930 920 1069 984 Detecta
1088 920 1186 1005 igitur
1200 920 1297 984 factio
1312 927 1372 986 est.
1418 919 1505 984 Nam
1520 939 1598 982 com

548 1033 728 1118 ponebatur
754 1032 851 1095 Felici
878 1031 1114 1117 religiosissimo
1135 1031 1284 1116 episcopo
1310 1051 1368 1115 per
1391 1029 1597 1105 mendacium,

548 1153 586 1208 ut
600 1144 761 1207 videretur
781 1143 954 1227 scripturas
975 1143 1151 1227 prodidisse
1166 1152 1200 1206 et
1222 1142 1389 1206 exussisse.
1435 1140 1599 1225 Ingentins

548 1255 685 1340 quidem,
701 1276 773 1318 cum
793 1254 852 1318 hoc
870 1262 986 1331 totum,
1002 1254 1177 1338 quicquid!
1196 1254 1322 1339 agebat,
1341 1253 1472 1317 obesset
1487 1251 1599 1316 sancti

548 1366 612 1430 tati
636 1376 669 1429 et
690 1365 833 1450 religioni
855 1364 1024 1441 Oaeciliani,
1041 1365 1233 1428 subornatus
1254 1372 1304 1429 est
1325 1372 1363 1429 ut
1383 1364 1508 1428 reniret
1530 1383 1598 1427 cum

549 1474 665 1541 litteris
681 1476 777 1539 veluti
794 1475 909 1538 Felicis
925 1474 1064 1561 episcopi
1084 1474 1127 1538 ad
1144 1473 1373 1538 ²Caecilianum
1388 1473 1597 1549 duumvirum,

547 1595 582 1652 et
597 1588 626 1651 ei
643 1588 837 1673 confingeret
852 1610 872 1652 a
888 1587 994 1651 Felice
1010 1610 1044 1651 sc
1058 1609 1127 1651 esse
1145 1587 1343 1651 mundatum.
1392 1585 1517 1650 ⁸Dicat
1531 1585 1598 1671 ipsa

547 1698 644 1762 verba
660 1698 773 1782 quibus
791 1698 851 1761 hoc
867 1706 916 1762 est
929 1696 1110 1761 confictum.
1148 1697 1298 1761 AElianus
1314 1695 1485 1782 proconsul
1499 1695 1595 1759 dixit:

550 1807 620 1872 Dic.
667 1808 874 1892 Apronianus
900 1807 1001 1871 dixit:
1035 1817 1056 1845 “
1071 1807 1142 1884 Dic,
1167 1807 1279 1892 inquit,
1303 1806 1473 1872 Oaeciliano
1498 1804 1597 1870 amico

548 1927 570 1957 “
587 1941 656 1983 meo
681 1921 765 2003 quod
788 1921 911 1983 codices
937 1919 1044 2004 accepi
1066 1920 1223 2005 pretiosos
1247 1919 1375 1983 deificos
1390 1941 1435 1983 xr.
1464 1917 1596 2004 quiaque

549 2037 571 2068 ‘⁴
586 2051 636 2093 me
657 2052 740 2094 nunc
760 2031 907 2095 convenit
923 2041 959 2095 ut
979 2031 1048 2095 illos
1063 2032 1242 2107 restituam,
1258 2031 1309 2095 dic
1328 2031 1414 2115 quod
1434 2051 1520 2094 anno
1534 2050 1596 2092 ma·

549 2147 571 2181 ‘⁶
586 2140 742 2225 gistratus
758 2142 804 2205 tui
821 2165 875 2206 eos
889 2143 1056 2218 exusseris,
1074 2165 1113 2220 ne
1127 2143 1259 2207 reddam
1275 2142 1374 2206 illos.”
1418 2141 1496 2233 Qua
1510 2141 1550 2205 de
1563 2162 1596 2204 re
1704 2180 1706 2189 ‚

548 2252 646 2337 igitur
661 2254 700 2316 de
718 2255 866 2339 ingentio
878 2255 1084 2339 quarendum
1095 2262 1155 2332 est,
1168 2262 1324 2339 quatenus
1334 2253 1404 2318 haec
1415 2253 1596 2318 machinata
1679 2294 1706 2317 .

548 2363 612 2428 sint
634 2386 672 2428 ac
693 2365 858 2443 fabricata,
875 2375 909 2430 et
930 2374 1088 2451 quatenus
1103 2366 1237 2431 voluerit
1252 2364 1511 2430 circumscribere
1528 2385 1591 2427 ma·

546 2475 680 2560 gistrum
714 2477 794 2560 (scr.
824 2478 1060 2563 magistratum,
1089 2477 1225 2564 Dupe'a)
1255 2477 1296 2540 ad
1326 2475 1536 2554 mendacium,
1560 2481 1596 2538 ut
1650 2482 1704 2537 «Β

549 2587 685 2651 Felicem
699 2598 882 2673 aspergeret
894 2589 1044 2666 infamia:
1059 2589 1146 2654 dicat
1160 2612 1180 2653 a
1195 2610 1258 2673 quc
1269 2589 1384 2652 missus
1394 2587 1458 2661 sit:
1475 2609 1593 2652 verum·
1658 2621 1701 2634 -

548 2707 656 2762 tamen
672 2700 686 2740 Ι·
696 2700 962 2763 machinationem
983 2701 1078 2764 istam
1097 2701 1129 2763 iu
1151 2698 1374 2764 conscientiam
1391 2698 1519 2776 Felicis,
1535 2720 1595 2783 quo
1632 2715 1701 2755 (ι

546 2810 729 2874 cCaeciliani
753 2811 864 2895 pudori
888 2818 921 2874 et
943 2811 1033 2874 initio
1056 2811 1235 2896 derogaret.
1280 2810 1341 2873 Est
1362 2810 1447 2874 enim
1470 2810 1594 2895 quidam
1627 2824 1698 2868 fl

547 2921 600 3005 qui
624 2944 680 3005 per
702 2922 932 2986 Mauritaniam
956 2931 989 2986 et
1010 2922 1193 2986 Numidiam
1214 2922 1337 3008 legatus
1360 2923 1476 2987 missus
1495 2923 1539 2987 sit
1558 2944 1595 2985 ex
1611 2937 1696 2982 2

547 3030 672 3094 diversa
696 3046 796 3116 parte.
842 3033 887 3097 Et
908 3034 1056 3096 adstante
1076 3032 1234 3119 Ingentio,
1260 3033 1408 3097 AElianus
1431 3024 1694 3118 proconsulll

550 3143 650 3206 dixit:
675 3145 772 3227 Cujus
788 3153 947 3229 praecepto
968 3167 1006 3208 ea
1029 3143 1193 3229 suscepisti
1216 3144 1340 3230 agenda
1356 3165 1428 3228 quae
1443 3144 1502 3209 tibi
1518 3144 1692 3229 obii——

548 3255 694 3319 ciuntur?
719 3256 882 3340 Ingentius
905 3256 1003 3319 dixit:
1029 3256 1114 3319 Ubii
1138 3255 1284 3319 AElianus
1306 3254 1476 3339 proconsul
1496 3255 1656 3319 dixit:
1682 3270 1689 3308 Ξ

549 3365 705 3443 Quoniam
721 3366 812 3451 lingis
829 3374 861 3430 te
881 3389 943 3430 non
964 3366 1138 3452 intelligere
1153 3367 1237 3451 quod
1261 3366 1481 3452 interrogaris,
1495 3367 1690 3431 dicant]

548 3477 700 3561 apertius.
747 3478 823 3557 Quis
839 3485 872 3541 te
892 3479 933 3541 ad
956 3478 1178 3563 magistratum
1195 3477 1396 3543 Oaecilianum
1411 3479 1522 3544 misit!
1545 3480 1643 3543 ln--
1650 3499 1689 3533 Δ·

546 3590 673 3675 gentius
689 3589 787 3653 dixit:
814 3591 915 3652 Nemo
938 3612 988 3654 mc
1010 3590 1103 3654 misit.
1149 3590 1301 3654 AElianus
1315 3591 1484 3675 proconsul
1499 3592 1580 3656 dixit
1681 3602 1687 3641 ²

548 3700 714 3781 Quomodo
730 3722 805 3784 ergo
821 3700 930 3763 venisti
946 3700 987 3763 ad
1004 3701 1225 3785 magistratum
1238 3700 1462 3767 Gaecilianuml
1485 3702 1687 3789 lagen-1·

549 3812 612 3876 tius
634 3812 733 3875 dixit:
758 3815 839 3874 Cum
862 3813 1063 3888 venissemus,
1085 3821 1118 3877 et
1139 3827 1288 3898 ageretur
1308 3836 1404 3878 causa
1425 3815 1535 3879 Mauri
1556 3804 1686 3879 arb

550 3922 648 3987 Utica
674 3923 821 4008 episcopi,
848 3924 900 4007 qni
927 3925 1145 4009 episcopatum
1167 3925 1227 3989 sibi
1249 3925 1395 4002 redemit,
1421 3926 1464 3991 ad
1486 3927 1681 3992 urbes-‘11

548 4034 691 4096 ascendit
713 4034 989 4098 ‘'Arrtumnitanus
1012 4036 1176 4121 episcopus
1202 4035 1292 4099 Felix
1316 4047 1353 4101 ut
1375 4043 1545 4113 tractaret,
1564 4034 1677 4100 fil

583 4245 620 4308 y(
627 4248 675 4304 scr.
688 4248 824 4308 agebatur.)
987 4250 1096 4296 zPolius
1111 4250 1140 4297 ad
1157 4248 1317 4309 lingentium.
1335 4249 1389 4295 Vid.
1408 4251 1476 4309 infra
1491 4263 1529 4312 pp.
1541 4262 1568 4312 ²9
1639 4252 1657 4285 1·

551 4326 617 4389 293.)
703 4338 716 4365 Ε
728 4327 791 4388 (scr.
803 4329 906 4376 Dicam]
1028 4332 1041 4368 b
1054 4321 1117 4392 (scr.
1131 4330 1277 4379 machinatio
1287 4339 1323 4379 est
1335 4330 1401 4392 ista.)
1490 4328 1652 4394 ⁰(1r5'11

549 4410 671 4472 episcopua
685 4412 911 4471 Corttcpiriieuris.l
1013 4414 1023 4443 ‘¹
1040 4414 1242 4475 (Aptungitxnus.
1261 4413 1317 4461 Vid.
1330 4416 1422 4477 supra.)
