4092 5150
589 424 632 484 24
887 417 1133 494 RELIQUIAE
1160 416 1338 480 SACRAE.

590 586 717 689 οὐγὰρ
736 585 828 665 κατὰ
850 586 1059 688 προαίρεσιν
1083 590 1131 668 είς
1156 591 1261 662 τοῦτο
1284 580 1518 682 ἐληλύθασιν,
1537 579 1632 660 ἀλλὰ

591 721 914 825 καταπροδοθέντες
925 717 994 799 ὑπὸ
1005 723 1069 817 τῆς
1080 719 1264 802 ἀσθενείας
1275 722 1338 816 τῆς
1351 717 1501 820 σαρκός·
1517 714 1634 813 ἐπειδὴ

590 858 648 935 καὶ
667 853 732 933 ’τὰ
750 856 933 956 στίγματα
951 861 1015 932 τοῦ
1033 855 1157 952 Ἰησοῦ
1168 852 1400 932 ἐνδείκνυνται
1418 854 1455 931 ε’ν
1473 859 1548 935 τοῖς
1562 850 1635 930 σοῦ-

590 1024 704 1088 μασιν
722 992 849 1086 αὐτῶν,
868 992 926 1067 καὶ
944 987 1013 1088 ἤδη
1032 986 1122 1071 τινὲς
1140 989 1260 1091 τρίτον
1285 986 1361 1070 ἔτος
1385 986 1510 1090 ἔχουσι
1524 1020 1633 1065 κατα·

590 1132 811 1208 πενθοῦντες·
838 1127 1185 1227 προσεπιτιμηθῆναι
1203 1124 1321 1206 αὐτοῖς
1339 1119 1411 1201 ἀπὸ
1425 1126 1488 1220 τῆς
1503 1154 1637 1223 προσε-
1643 1150 1702 1219 5

591 1259 749 1344 λεύσεως
763 1262 839 1339 καθ
856 1258 1058 1358 ὑπόμνησιν
1072 1259 1191 1342 ἄλλοις
1206 1256 1479 1361 τεσσαράκοντα
1492 1257 1634 1359 ἡμέρας·

592 1392 662 1480 blo
697 1395 823 1497 καίπερ
856 1393 1059 1492 νηστεύσας
1089 1396 1109 1472 ό
1145 1393 1261 1496 κύριος
1294 1396 1351 1472 καὶ
1381 1391 1505 1495 σωτὴρ
1539 1393 1638 1492 ἡμῶν

591 1534 732 1631 Ἰησοῦς
747 1529 918 1634 Χριστὸς,
932 1529 1022 1626 μετὰ
1034 1528 1076 1609 τὸ
1089 1534 1344 1628 βαπτισθῆναι,
1360 1526 1555 1631 ε’πειριὶσθη
1570 1527 1638 1608 {ml

592 1673 656 1746 τοῦ
671 1663 857 1760 διαβόλου·
886 1671 933 1748 είς
952 1661 995 1746 ἃς
1007 1668 1065 1742 καὶ
1079 1665 1178 1743 αὐτοὶ
1192 1664 1283 1743 κατὰ
1295 1662 1474 1768 περισσόν
1488 1668 1638 1766 διαγυμ-

598 1805 789 1885 νασθέντες
807 1800 1040 1901 εὐτονώτερόν
1065 1834 1103 1878 τε
1122 1798 1322 1904 ονήψαντες
1345 1799 1638 1901 γρηγορήσουσιν
1654 1830 1675 1871 ι
1691 1823 1714 1860 ο

593 1945 641 2022 είς
660 1935 866 2040 προσευχὰς
887 1946 951 2015 τοῦ
978 1944 1117 2033 λοιποῦ,
1137 1940 1443 2034 καταμελετεῦντες
1461 1932 1502 2014 τὸ
1530 1933 1636 2036 λεγό-

593 2107 700 2172 μενον
719 2070 787 2152 ὑπὸ
813 2080 876 2150 τοῦ
894 2071 1028 2174 Κυρίου
1042 2068 1132 2172 πρὸς
1150 2070 1214 2150 τὸν
1231 2067 1439 2172 πειράζοντα
1457 2069 1566 2148 αῦτδν
1583 2069 1640 2150 ἵνα

592 2204 832 2310 προσκυνήση
856 2208 962 2310 αὐτῷ,
986 2203 1124 2305 ditm
1150 2211 1305 2284 Σατανᾶ·
1337 2203 1536 2306 γέγραπται
1560 2202 1641 2309 γὰρ,

597 2340 730 2444 Κύρων
748 2341 811 2419 τὸν
834 2341 929 2421 Θεόν
955 2375 1025 2419 σου
1050 2340 1323 2442 προσκυνήσεις,
1343 2342 1400 2419 καὶ
1422 2341 1518 2447 αὐτῷ
1544 2337 1641 2447 μόνῳ

595 2474 813 2580 λατρεύσεις.
1653 2517 1671 2558 ι
1688 2500 1714 2564 ⁵

992 2617 1176 2693 ΚΑΝΩΝ
1204 2618 1248 2690 Β.

650 2752 736 2830 Τοῖς
755 2745 793 2824 δέ
811 2745 901 2844 μετὰ
920 2746 962 2824 τὸ
982 2750 1251 2851 φυλακισθῆναι
1270 2744 1390 2844 μόνον,
1409 2749 1468 2826 καὶ
1487 2748 1642 2845 ὑπομεμ-

596 2880 736 2977 νηκέναι
761 2877 825 2963 τὰς
855 2882 893 2958 ε’ν
915 2887 966 2986 τῷ
994 2880 1226 2986 δεσμωτηρίῳ
1246 2884 1295 2964 ὡς
1313 2877 1358 2959 ἂν
1381 2884 1418 2960 ἐν
1442 2882 1642 2988 πολιορκίᾳ,

596 3111 693 3158 tamen
718 3100 787 3176 quia
813 3100 939 3158 multum
965 3101 1095 3160 decerta.
1145 3102 1258 3160 ercitati
1275 3102 1395 3169 fuerint,
1410 3113 1441 3161 et
1463 3102 1644 3162 constantius

596 3191 675 3246 runt,
698 3191 728 3238 et
749 3180 800 3238 diu
821 3181 1010 3240 restiterunt:
1037 3202 1095 3239 non
1142 3182 1350 3260 jejunaverint.
1360 3182 1522 3260 vigilabunt
1533 3182 1565 3240 in
1578 3203 1642 3241 ora·
1654 3200 1686 3241 ao

596 3260 674 3317 enim
689 3270 793 3338 sponte
807 3260 844 3319 ad
858 3281 892 3319 ea
903 3261 1094 3332 devenerunt,
1147 3263 1274 3321 tionibus
1302 3263 1446 3341 deinceps,
1470 3261 1645 3322 meditantes

597 3340 647 3398 aed
666 3362 683 3399 a
697 3341 790 3399 carnis
809 3341 1007 3401 imbecillitate
1027 3364 1094 3422 pro·
1147 3343 1225 3420 quod
1237 3343 1371 3401 dicitura
1386 3343 1514 3401 Domino
1525 3342 1563 3401 ad
1577 3364 1644 3402 eum

597 3418 669 3479 diti:
693 3442 760 3478 nam
775 3432 804 3479 et
825 3421 960 3498 stigmata
977 3422 1050 3481 Jesu
1065 3423 1095 3480 in
1146 3424 1196 3501 qui
1209 3423 1290 3482 illum
1303 3434 1407 3490 tentat,
1416 3436 1450 3482 ut
1464 3424 1560 3503 ipsum
1575 3424 1645 3482 ado-

597 3500 658 3559 suis
684 3502 853 3579 corporibus
880 3513 1038 3569 ostentant,
1067 3514 1096 3561 et
1148 3515 1208 3563 ret:
1233 3504 1290 3562 Abi
1303 3512 1377 3563 retro
1395 3505 1529 3563 Salona:
1552 3503 1645 3583 scrip·

597 3600 673 3639 anno
683 3582 744 3658 jam
759 3583 848 3640 tertio
862 3580 988 3641 deflent:
1006 3584 1048 3642 eis
1060 3604 1096 3641 ex
1148 3592 1205 3641 tum
1220 3593 1262 3642 est
1273 3585 1365 3642 enim:
1388 3584 1540 3643 Dominum
1552 3586 1647 3643 Deum
1658 3607 1672 3646 a
1675 3605 1692 3666 5

597 3662 720 3737 quodie
739 3662 776 3720 de
797 3682 851 3720 suo
869 3662 998 3721 adventu
1018 3684 1096 3721 com-
1147 3672 1225 3721 lcum
1245 3665 1388 3731 adorabis,
1408 3663 1496 3723 atilli
1514 3663 1569 3723 ιοίὶ
1589 3686 1649 3724 ser·

597 3742 765 3800 monuerint
774 3741 822 3800 alii
834 3742 1026 3820 quadraginta
1035 3743 1098 3802 dics
1148 3744 1216 3803 υἱον.

597 3820 806 3899 injungantur:
836 3842 910 3899 quos
933 3842 999 3881 cum
1018 3823 1096 3900 jeju·

597 3913 694 3960 nasset
720 3901 866 3960 Dominus
887 3913 986 3961 noster
1009 3902 1098 3962 Jesus
1288 3889 1440 3949 CANON
1462 3890 1504 3947 ῙῘ·

598 3981 743 4047 Christus,
760 3993 912 4059 postquam
932 3983 1098 4061 baptizatus
1190 3986 1229 4044 lis
1243 3998 1341 4045 autem
1359 3987 1409 4063 qui
1427 3998 1581 4065 postquam
1601 4010 1649 4048 so-

598 4059 704 4129 fuerat,
720 4071 851 4119 tentatus
868 4073 912 4119 est
931 4082 947 4120 a
964 4062 1096 4121 diabolo:
1148 4065 1208 4123 lum
1224 4067 1252 4124 in
1269 4066 1429 4125 custodiam
1444 4066 1556 4134 traditi,
1572 4080 1602 4127 et
1617 4069 1649 4128 in
1660 4092 1701 4147 30

599 4140 746 4217 inquibus
758 4151 787 4198 et
801 4142 856 4219 ipsi
868 4161 933 4199 cum
950 4142 1034 4201 valde
1046 4164 1096 4202 ex·
1148 4166 1270 4212 carcere,
1287 4160 1432 4223 tamquam
1448 4147 1478 4204 in
1496 4149 1651 4209 obsidione

730 4311 744 4339 ι
757 4299 837 4347 Galat.
848 4303 880 4347 vi.
897 4312 938 4361 ¹⁷³
1334 4308 1346 4344 b
1360 4306 1432 4354 Matt
1446 4308 1477 4354 vi.
1492 4323 1514 4355 a.

730 4392 742 4420 c
760 4396 766 4427 ι
783 4382 835 4430 Pet.
848 4398 870 4427 v.
884 4383 907 4427 8.
925 4382 1014 4430 (olma
1028 4384 1059 4430 ic.
1072 4398 1094 4430 2.
1334 4390 1347 4426 d
1361 4388 1475 4435 Mattiv.
1493 4404 1528 4438 ια
1551 4398 1558 4413 ’
