4092 5150
556 400 618 459 122
854 400 1101 477 RELIQUIAE
1129 403 1309 466 SACRAE.

937 714 1120 790 ΚΑΝΩΝ
1151 716 1217 789 ΙΔ.

611 864 706 951 Τοὺς
725 871 761 946 ε’ν
781 866 914 974 κλήρῳ,
942 869 1206 970 πρεσβυτέρους
1233 868 1255 968 ἦ
1285 867 1466 952 διακόνους
1494 868 1611 963 ὄντας,

556 1008 613 1080 καὶ
631 1003 870 1106 ἀπεχομένους
889 1010 1011 1106 κρεῶν,
1030 1002 1150 1109 ἐδοξεν
1163 1002 1400 1109 ἐφάπτεσθαι,
1415 1006 1473 1082 καὶ
1487 1006 1611 1103 οὕτως,

555 1145 583 1217 εὶ
603 1138 808 1235 βούλοιντο,
830 1146 970 1241 κρατεῖν
988 1141 1134 1219 ἑαυτῶν·
1165 1146 1193 1218 εἱ
1214 1138 1251 1217 δέ
1273 1142 1541 1234 βδελύσσοιντο
1563 1144 1611 1223 ὡς

553 1273 642 1373 μηδὲ
660 1273 705 1352 τά
723 1273 813 1371 μετὰ
838 1281 949 1376 κρεῶν
973 1271 1187 1372 βαλλόμενα
1216 1272 1359 1378 λάχανα
1383 1276 1529 1371 ἐσθίειν,
1552 1279 1638 1354 καὶὸ

553 1405 603 1506 μὴ
652 1409 824 1487 ὑπείκοιεν
865 1415 916 1513 τῷ
956 1408 1086 1504 κανόνι,
1129 1414 1337 1487 πεπαῦσθαι
1379 1407 1506 1493 αὐτοὺς
1546 1413 1612 1509 τῆς

551 1542 698 1649 τάξεως.

940 1687 1123 1761 ΚΑΝΩΝ
1154 1687 1215 1760 ΙΕ.

612 1845 700 1943 Περὶ
719 1849 792 1921 τῶν
811 1840 1115 1948 διαφερόντωντῴ
1131 1846 1294 1946 κυριακῲ·
1324 1840 1397 1919 ὅσα
1410 1840 1611 1922 ἐπισκόπου

553 1970 602 2073 μὴ
641 1975 742 2058 ὄντος
771 1974 1010 2078 πρεσβύτεροι
1043 1975 1249 2075 ἐτόλησαν,
1279 1979 1538 2056 ἀνακαλεῖσθαι
1567 1976 1610 2057 τὸ
1623 2002 1660 2042 ¹0

482 2161 494 2171 .,
518 2179 532 2185 ..
553 2112 731 2212 κυριακόν.
762 2114 800 2190 ἐν
819 2111 855 2190 δέ
874 2147 919 2215 τῃ
947 2113 1061 2213 κρίσει
1085 2120 1149 2191 τοῦ
1174 2111 1371 2191 ἐπισκόπου
1396 2108 1493 2208 εἶναι,
1512 2112 1611 2214 εἴπερ

484 2326 486 2331 .
553 2247 728 2348 προσήκει
749 2250 949 2343 ἀπολαβεῖν
977 2245 1043 2346 τὴν
1068 2244 1183 2345 τιμὴν,
1209 2246 1275 2325 εἴτε
1304 2250 1363 2325 καὶ
1389 2245 1450 2345 μὴ,
1480 2246 1539 2326 διὰ
1566 2245 1610 2327 τό

552 2381 728 2466 πολλάκις
747 2381 812 2483 τὴν
822 2382 1005 2485 πρόσοδον
1019 2390 1091 2462 τῶν
1103 2383 1337 2485 πεπραμένων
1352 2385 1612 2464 ἀποδεδωκέναι

526 2588 527 2591 ,
553 2520 671 2602 αὐτοῖς
689 2519 825 2602 τούτοις
842 2521 993 2600 πλείονα
1011 2518 1076 2618 τὴν
1094 2516 1211 2618 τιμήν.

941 2732 1125 2807 ΚΑΝΩΝ
1156 2725 1221 2818 1ςῖ
1623 2770 1658 2829 15

611 2892 701 2989 Περὶ
712 2895 784 2966 τῶν
795 2889 1106 2990 ἀλογευσαμένων,
1120 2885 1142 2986 ἦ
1156 2891 1213 2966 καὶ
1227 2888 1509 2987 ἀλογευομένων·
1527 2890 1610 2970 ὅσοι

552 3024 637 3123 πρὶν
663 3029 871 3106 εἱκοσαετεῖς
898 3026 1075 3125 γενέσθαι,
1108 3024 1277 3125 ἥμαρτον,
1304 3022 1407 3102 πέντε
1436 3028 1495 3103 καὶ
1524 3029 1610 3106 δέκα

670 3235 822 3292 CANON
844 3236 933 3294 XIV.
1103 3234 1230 3300 deciam,
1246 3254 1447 3312 quecumque,
1462 3256 1530 3296 cum
1546 3259 1606 3297 uon

1102 3326 1179 3373 esset
1188 3315 1352 3392 episcopus,
1362 3317 1526 3396 presbyteri
1535 3339 1606 3378 ven-

1103 3395 1252 3460 diderunt‚
1267 3394 1378 3474 placuit
1396 3398 1518 3456 rescisso
1535 3419 1605 3458 oon-
1618 3423 1657 3462 oo

1103 3486 1210 3541 tractu,
1223 3476 1259 3533 od
1271 3476 1338 3553 juro
1353 3476 1549 3538 ecclesiastico
1559 3501 1607 3539 re·

1103 3556 1208 3613 vocari.
1251 3556 1287 3613 In
1299 3557 1411 3633 judicio
1425 3571 1524 3618 cutem
1548 3561 1605 3620 erit

1102 3636 1230 3715 episcopi
1245 3636 1268 3694 si
1285 3638 1411 3715 pretium
1433 3639 1539 3700 debeat
1557 3661 1603 3700 re-

1103 3716 1170 3794 cipi,
1196 3736 1305 3776 uecne:
1338 3718 1408 3794 quio
1430 3720 1605 3799 plerumque

1103 3816 1198 3854 rerum
1208 3797 1410 3857 distractarum
1421 3799 1536 3860 reditus
1544 3821 1603 3861 cm·
1616 3828 1631 3867 2
1636 3828 1652 3887 5

1103 3876 1224 3955 pliorem
1253 3897 1394 3936 summam
1423 3901 1477 3959 pro
1507 3883 1604 3961 pretio

1103 3957 1172 4015 dato
1187 3957 1356 4016 reddiderit.

596 3346 636 3404 Hi
652 3348 701 3424 qui
719 3347 747 3405 in
763 3346 840 3407 clero
851 3361 920 3408 sunt
932 3353 1051 3429 presby-

553 3428 608 3485 teri
630 3439 660 3485 et
682 3428 805 3497 diaconi,
828 3443 858 3489 et
880 3452 897 3488 ο
918 3431 1053 3490 cornibus

553 3508 843 3589 abstinent,;plocuit
864 3532 912 3570 eas
933 3512 1050 3589 quidem

552 3589 742 3666 contingere;
774 3602 804 3649 et
827 3592 878 3660 ita,
904 3593 927 3650 si
951 3592 1050 3674 volup·

551 3668 621 3734 rint,
631 3671 789 3729 continere.
813 3673 902 3743 Quod
911 3674 935 3730 si
945 3674 974 3730 in
986 3684 1049 3730 tan-

553 3760 616 3807 turn
638 3770 686 3808 eas
707 3752 919 3820 abominantur,
942 3765 975 3811 ut
999 3774 1052 3813 nec

553 3828 642 3894 olera,
657 3850 721 3907 quae
735 3852 800 3889 cum
816 3834 858 3890 eis
873 3845 1051 3911 coquuntur,

552 3910 721 3969 existiment
757 3915 944 3984 comedenda,
977 3926 1052 3972 tam.

553 4009 638 4066 quam
654 4012 711 4048 non
731 3996 946 4054 consentientes
965 4016 1052 4073 regu.

553 4069 598 4137 loe,
614 4072 650 4129 ub
661 4072 762 4130 ordine
773 4094 883 4133 cessere
892 4076 1051 4135 debebunt.
1220 4102 1371 4161 CANON
1393 4103 1484 4164 XVI,

684 4233 834 4294 CANON
857 4237 928 4296 XV·
1145 4199 1264 4294 Deliis
1286 4203 1336 4279 qui
1363 4203 1604 4298 irrationabiliter

1103 4290 1208 4338 versuti
1242 4293 1321 4352 sunt,
1350 4303 1411 4342 srve
1439 4298 1603 4344 versantur.
1612 4312 1656 4368 30

595 4343 641 4402 De
655 4344 701 4405 his
715 4366 779 4423 quae
794 4351 942 4428 pertinent
956 4355 991 4412 nd
1004 4377 1051 4415 ec.
1103 4359 1258 4438 Quotquot
1272 4374 1340 4422 onte
1354 4363 1535 4424 vicessimum
1550 4387 1602 4426 on·
