4092 5150
472 412 538 475 322
659 410 817 476 GESTA
840 412 974 476 APUD
997 409 1337 479 ZENOPHILUM.

474 582 526 646 sit.
572 580 817 645 ¹'liuudinarius
839 582 990 646 diaconus
1012 582 1114 647 dixit:
1138 583 1238 662 †Soit
1259 583 1340 669 ipse,
1362 607 1440 649 num
1460 594 1520 651 tra

473 691 556 756 didit
570 691 703 756 oodioos.
749 692 860 756 Victor
874 692 1039 777 rospondit
1053 717 1061 756 ι
1086 694 1247 780 Fugeram
1262 695 1377 774 sshano
1390 710 1521 782 tempos

473 810 595 877 tatem;
616 809 660 878 et,
676 801 703 864 si
718 801 867 877 mentior,
881 824 1019 886 peream
1065 802 1146 868 Ourn
1161 803 1326 867 incursum
1347 813 1522 891 pateremur

473 913 648 999 repentina:
673 913 911 997 persecutionis,
935 914 1106 1000 fugivimus
1133 916 1168 979 in
1196 923 1341 980 montem
1371 916 1521 982 Bellona:

475 1022 547 1108 Ego
569 1023 719 1087 sedebam
740 1045 813 1087 cum
835 1025 948 1089 Marte
972 1025 1128 1103 diacono:
1151 1034 1186 1090 et
1209 1022 1328 1091 Victor
1353 1027 1520 1112 presbyter,

473 1155 545 1198 oum
566 1134 733 1198 abeodem
748 1133 859 1198 Marte
881 1142 1101 1219 quaererentur
1120 1157 1230 1200 omnes
1248 1136 1386 1215 codices,
1403 1138 1521 1223 negavit

472 1265 506 1307 se
527 1243 663 1307 habere:
686 1243 776 1307 Tunc
792 1244 903 1322 Victor
924 1245 1014 1310 dedit
1036 1246 1166 1310 nomina
1187 1247 1332 1310 omnium
1355 1247 1519 1312 lectorum:

475 1353 617 1418 Ventum
629 1361 679 1418 est
689 1353 733 1418 ad
743 1355 872 1418 domum
883 1376 1005 1420 meam:
1020 1355 1102 1421 (ium
1112 1356 1228 1421 absens
1239 1379 1354 1436 essem,
1365 1379 1520 1424 ascensum

473 1471 523 1529 est
537 1486 558 1529 a
577 1464 828 1549 magistratibus,
843 1472 877 1529 et
898 1465 1016 1530 sublati
1031 1474 1107 1531 sunt
1121 1466 1247 1531 oodioes
1266 1468 1349 1532 mei:
1375 1467 1459 1534 (ium
1472 1489 1521 1554 ego

473 1575 639 1652 venissem,
664 1575 768 1639 inveni
791 1573 916 1639 codices
939 1575 1093 1640 sublatos.
1137 1573 1359 1643 Nundinarius
1377 1578 1520 1644 diaconis

474 1688 574 1752 dixit:
608 1688 663 1750 Tu
688 1709 765 1772 ergo
793 1686 985 1772 respondisti
1010 1688 1097 1772 apud
1122 1694 1206 1764 acta,
1234 1689 1388 1773 qnoniam
1415 1689 1520 1755 dedisti

473 1797 607 1861 codices.
644 1797 751 1878 Quare
772 1804 931 1882 negantur
952 1796 1020 1861 lraeo
1039 1820 1111 1882 qua:
1133 1799 1224 1883 prodi
1247 1802 1406 1884 possunt?
1428 1802 1519 1865 Zeno

474 1907 578 1994 philus
593 1909 633 1972 V.
643 1907 680 1973 (l.
697 1907 872 1972 consularis
887 1906 1012 1972 Victori
1028 1906 1129 1973 dixit:
1152 1908 1349 1994 Simpliciter
1367 1910 1520 1985 confitere,

474 2040 515 2082 ne
529 2017 671 2082 strictius
685 2017 900 2101 interrogeris.
937 2017 1155 2082 Nundinarius
1169 2019 1323 2084 diaeonus
1337 2020 1444 2085 dixit:
1472 2019 1521 2084 Ire

474 2140 593 2214 gantur
605 2134 689 2192 acta
733 2127 927 2212 Zenophilns
942 2126 985 2190 V.
994 2128 1030 2194 Ο.
1047 2129 1221 2193 consularis
1234 2129 1338 2194 dixit:
1356 2129 1521 2216 leguntur.

474 2237 521 2303 Et
535 2236 624 2302 dedit
640 2237 867 2315 Nundinarius,
883 2245 917 2302 et
931 2246 1084 2323 exceptor
1098 2230 1255 2304 recitavit.
1291 2247 1314 2279 “
1327 2239 1523 2306 Diocletiano

475 2357 497 2386 “
513 2371 577 2413 vnn
589 2356 623 2413 et
634 2347 834 2413 Maximiano
845 2371 900 2413 vn.
918 2347 1158 2413 Consulib.x1v.
1177 2349 1343 2415 Kalendas
1353 2349 1379 2415 J
1380 2351 1479 2429 unias,
1488 2372 1523 2415 ex

476 2465 498 2498 “
512 2458 594 2523 actis
610 2457 750 2522 Munatii
765 2456 880 2521 Felicis
898 2457 1035 2522 flaminis
1054 2458 1200 2544 perpetui
1218 2458 1379 2525 curatoris
1399 2460 1524 2525 oolouise

477 2577 498 2607 “
513 2566 714 2633 Cirtensium.
752 2567 832 2633 (lum
847 2575 976 2633 ventum
990 2577 1076 2634 esset
1090 2570 1131 2634 ad
1147 2569 1276 2634 domum
1291 2569 1326 2634 in
1340 2592 1407 2655 qua
1421 2569 1521 2635 Chris·

478 2689 497 2718 “
509 2680 587 2744 tiani
601 2679 839 2752 conveniebant,
848 2679 941 2743 Felix
952 2679 1068 2744 flamen
1079 2689 1252 2766 perpetuus
1266 2681 1525 2746 ¹*curatorPanlo

478 2800 497 2829 “
512 2791 659 2875 episcopo
673 2789 772 2853 dixit:
796 2789 942 2853 Proferte
958 2789 1140 2874 Scripturas
1155 2789 1244 2875 legis,
1260 2798 1295 2855 et
1310 2790 1428 2875 siquid
1443 2791 1524 2855 aliud

477 2908 500 2941 “
516 2901 567 2964 hic
581 2900 716 2977 habetis,
732 2909 769 2964 nt
782 2908 832 2964 est
846 2916 1050 2985 preceptum,
1065 2915 1102 2965 ut
1113 2901 1248 2985 jussioni
1262 2923 1377 2985 parere
1392 2901 1524 2987 possitis

479 3021 498 3049 “
517 3010 636 3075 Paulus
657 3010 822 3095 episcopus
843 3010 943 3075 dixit:
966 3010 1150 3096 Scripturas
1169 3012 1303 3076 lectores
1325 3012 1459 3089 habent,
1473 3011 1526 3075 sed

479 3130 499 3157 “
514 3144 571 3185 nos
587 3120 670 3206 quod
688 3120 739 3183 hic
758 3120 920 3197 habemus,
936 3122 1058 3185 damus.
1104 3121 1195 3185 Felix
1217 3120 1333 3185 flamen
1358 3130 1526 3207 perpetuus

478 3242 498 3271 ‘⁶
511 3240 639 3297 curator
652 3230 753 3295 Paulo
768 3229 917 3316 episcopo
933 3230 1033 3295 dixit:
1050 3232 1195 3295 Ostende
1209 3230 1355 3306 lectores,
1368 3242 1428 3297 aut
1438 3233 1525 3297 mitte

479 3349 499 3380 “
514 3342 557 3405 ad
583 3341 661 3404 illos.
708 3340 826 3405 Paulus
851 3342 1016 3426 episeopus
1043 3342 1145 3406 dixit:
1183 3343 1303 3407 Omnes
1327 3344 1524 3429 cognoscitis.

479 3451 606 3516 “Felix
631 3451 747 3515 flamen
770 3460 941 3536 perpetuus
963 3459 1094 3517 curator
1115 3451 1295 3536 reipublioae
1321 3451 1427 3518 dixit:
1458 3453 1525 3516 Non

480 3570 501 3601 “
517 3584 571 3625 eos
586 3562 739 3625 novimus.
773 3561 891 3625 Paulus
906 3562 1071 3646 episcopus
1086 3562 1186 3627 dixit:
1204 3561 1301 3626 Novit
1316 3564 1524 3628 eos‘Offieium

481 3683 503 3713 ‘⁶
518 3674 687 3759 publicum,
712 3674 744 3737 id
765 3681 825 3751 est,
840 3674 981 3738 Ednsius
1003 3684 1038 3738 et
1059 3674 1082 3736 J
1085 3674 1176 3737 nnius
1197 3683 1393 3758 exceptores.
1439 3675 1524 3739 Felix

483 3794 503 3821 “
516 3785 631 3850 flamen
646 3792 816 3869 perpetuus
831 3792 961 3848 curator
980 3784 1158 3869 reipublioae
1179 3783 1281 3848 dixit:
1310 3784 1466 3849 Maneute
1479 3804 1523 3848 ra-

515 3917 529 3945 ·
541 3915 639 3977 (Recita
658 3915 694 3961 ilii
712 3920 779 3974 perte
795 3914 863 3975 apud
883 3912 1042 3975 Zenoptilum
1058 3913 1215 3972 mundarem,
1231 3912 1271 3959 ubi
1286 3913 1461 3960 Nundiauvim
1475 3912 1523 3974 qui·
1577 3937 1589 3947 ·

480 3998 535 4043 dum
552 3998 665 4044 discentis
681 3996 759 4042 irutnr
776 3996 880 4055 Spirono
897 3996 960 4057 qnod
970 3997 1000 4041 ut
1016 4010 1044 4042 eo
1055 3996 1136 4054 fixerit
1151 3996 1375 4054 ercommrmioaiur,
1386 3993 1435 4041 lm
1449 3994 1522 4041 onnia
1555 4005 1589 4037 ι

479 4079 572 4137 judicia
586 4079 700 4140 prodidit,
710 4092 765 4139 qaoe
777 4077 847 4124 cartis·
860 4078 1004 4125 documentis
1014 4083 1037 4124 et
1052 4077 1243 4138 responsionibus
1254 4077 1348 4123 testium
1359 4082 1383 4124 et
1393 4077 1521 4123 rxitutioae
1531 4087 1589 4121 a

481 4167 600 4220 postorum
613 4167 636 4207 et
652 4161 782 4206 mullorum
793 4160 945 4219 epistolarum
961 4160 1013 4205 lues
1029 4159 1119 4205 clarius
1135 4159 1322 4205 constituuntur.
1339 4156 1365 4204 S.
1375 4156 1589 4218 Argiuorum

484 4242 561 4302 Epist
570 4255 653 4289 cxxv.
664 4254 799 4288 nuncnrrr.
812 4243 833 4298 t.
844 4258 866 4298 4.
879 4256 902 4301 p.
910 4253 962 4286 12².
977 4239 1048 4286 Tomi
1059 4238 1155 4287 liudit.
1166 4238 1242 4286 Puris.
1261 4240 1367 4299 Operum
1374 4236 1500 4298 Aspare·
1509 4232 1536 4245 '

520 4326 540 4386 †
552 4319 617 4383 (scr.
630 4322 687 4380 Scir,
698 4321 748 4382 ipre
758 4321 823 4369 euim
834 4330 851 4369 t.
863 4321 911 4366 vid.
924 4318 1010 4382 infra)
1141 4319 1231 4381 ‡(sor.
1244 4319 1289 4367 hac
1300 4316 1458 4381 rorum)

713 4435 726 4462 ⁸
735 4425 798 4487 (for.
810 4426 918 4473 addenda
929 4426 967 4473 hic
977 4432 1000 4473 el
1011 4425 1079 4487 infra
1092 4441 1136 4473 ivor
1148 4424 1303 4487 reipublice.)
