4092 5150
471 415 515 481 66
806 418 1184 481 ANNOTA'PIONES

471 591 575 651 τεῦθεν
595 589 779 661 ἀναλύσεως,
800 609 894 673 quom
917 588 957 653 de
979 588 1032 652 illa
1053 586 1189 673 apostoli
1212 588 1358 652 ἀναλύσει
1379 610 1400 652 a
1424 590 1522 654 Petro

471 688 567 753 modo
581 688 722 754 laudata.

517 792 552 855 P.
564 808 618 876 37.
642 790 664 854 l.
675 813 705 875 9.
729 790 881 871 ἐμπαίζειν
904 793 995 880 αὐτῷ]
1020 793 1085 856 Pro
1107 794 1277 857 οοουιοίὶοο
1293 793 1393 857 dandi
1412 813 1523 857 casum

471 890 535 955 fide
549 891 641 955 nixus
656 913 706 955 ser
720 893 855 956 codicem
869 894 961 957 Bodl.
977 902 1011 958 et
1026 895 1227 980 evangelistas
1242 903 1338 959 tentus
1352 892 1490 978 reposui.

867 1065 1027 1128 CANON
1053 1065 1121 1128 XI.

518 1196 599 1259 Ibid.
615 1196 635 1259 l.
650 1216 698 1279 13.
721 1199 762 1260 Oi
783 1200 841 1278 γὰρ
863 1204 972 1278 πρῶποι
991 1197 1272 1284 ποριιπηδήσαυτες]
1292 1196 1422 1261 Scilicet
1438 1195 1461 1259 ii
1482 1194 1522 1259 de

473 1298 587 1385 quibus
602 1298 723 1363 dietum
738 1304 788 1362 est
802 1298 880 1365 Gan.
892 1298 950 1361 IX.
967 1299 1027 1362 hoo
1042 1305 1092 1362 est
1106 1298 1188 1363 laioi.
1213 1299 1376 1362 Ηιιιιοοιιι.
1417 1299 1522 1362 Inter-

474 1409 621 1483 pretatus
635 1422 709 1464 vero
724 1409 774 1466 est
789 1400 1020 1478 Tillemontius,
1035 1403 1195 1465 Me‘moiros
1212 1401 1386 1465 Exlosiaot.
1401 1408 1482 1465 torn.
1494 1420 1521 1461 v.

473 1525 545 1588 pag.
560 1522 629 1588 192.
646 1504 695 1567 ed.
712 1504 842 1566 Bruxel.
865 1504 905 1567 de
927 1503 987 1567 illis
1009 1507 1064 1589 qui
1085 1504 1214 1568 ineunte
1232 1514 1329 1589 atque
1351 1502 1523 1587 incipiente

473 1605 563 1691 quasi
587 1606 703 1669 ardore
722 1606 909 1682 vexationis,
926 1607 1104 1691 spectaculo
1124 1618 1299 1682 martyrum
1321 1603 1522 1681 inflammati,

472 1730 588 1793 pugnae
600 1730 669 1771 sese
678 1707 909 1786 commiserant,
919 1730 1020 1793 neque
1032 1708 1148 1773 ideireo
1160 1732 1180 1772 a
1194 1711 1291 1773 Petro
1300 1708 1429 1793 culpati.
1460 1707 1524 1771 Sed

473 1810 578 1873 minus
592 1810 717 1873 firmum
733 1809 793 1874 hoe
810 1810 886 1873 mihi
902 1811 1028 1896 quidem
1044 1812 1187 1881 videtum
1210 1822 1318 1896 atque,
1334 1809 1432 1875 laieos
1453 1818 1523 1875 tan·

474 1920 545 1975 tum
564 1911 614 1974 his
630 1912 733 1975 verbis
747 1911 914 1997 designari,
930 1934 994 1977 non
1016 1912 1100 1976 inter
1122 1912 1189 1976 haee
1204 1911 1349 1975 excusari
1368 1912 1447 1977 item
1463 1911 1523 1975 cle·

476 2013 568 2089 siros,
580 2034 619 2076 eo
633 2013 734 2098 magis
749 2035 821 2078 oum
834 2014 1002 2078 Harduino
1014 2015 1215 2088 credendum,
1226 2014 1311 2099 quod
1326 2013 1524 2078 consuetudo

475 2114 690 2179 eeclesiastico
703 2115 800 2179 laioos
814 2138 836 2180 a
849 2115 933 2179 olero
952 2115 985 2178 in
1005 2115 1055 2179 his
1076 2115 1178 2179 causis
1193 2116 1414 2199 distingueret,
1431 2114 1523 2199 quid·

476 2216 552 2301 quid
567 2216 608 2280 de
629 2216 698 2302 ipso
721 2217 780 2281 hoo
796 2217 828 2281 S.
843 2219 941 2282 Petro
963 2218 1092 2281 clericos
1106 2218 1212 2302 lapsos
1230 2218 1263 2280 in
1281 2218 1452 2302 pristinum
1475 2239 1525 2281 or-

476 2317 582 2383 dinem
596 2319 768 2404 recipiente
783 2320 935 2405 soriptum
951 2328 1041 2385 extet
1060 2321 1146 2404 apud
1163 2320 1388 2405 Epiphaniam,
1403 2320 1524 2384 Hares.

476 2420 720 2498 Molotianomm,
740 2443 770 2487 n.
785 2441 814 2484 υ.
830 2430 864 2486 et
878 2442 910 2507 3.
955 2422 1019 2485 Pro
1045 2422 1142 2507 lapsis
1168 2422 1270 2485 Deum
1297 2443 1398 2497 orare,
1426 2422 1524 2486 etiam

399 2596 400 2599 Ἴ
475 2529 551 2588 aute
565 2523 852 2590 reconciliationem
868 2546 939 2589 oum
953 2525 1085 2590 ecelesia
1095 2525 1225 2593 factam.
1239 2524 1298 2588 hoe
1309 2522 1439 2588 Ganone
1453 2546 1525 2610 per·

476 2625 607 2689 missum
622 2648 660 2690 ae
675 2649 754 2711 pene
764 2628 889 2712 jussum
904 2635 964 2704 est,
981 2627 1206 2712 quodquidam
1218 2627 1416 2691 Balsamonis
1430 2627 1526 2691 donet

477 2727 701 2813 interpretatio
711 2730 863 2804 ς-οὐποῖς
876 2755 909 2794 τε
923 2735 1046 2808 δοθῆναι
1060 2733 1172 2811 ἄφεσιν
1186 2734 1266 2810 παρὰ
1280 2734 1332 2794 τοῦ
1350 2734 1434 2794 Θεοῦ
1446 2727 1525 2808 ἐξαι-

478 2829 618 2909 τήσομεν,
636 2831 683 2894 καὶ
698 2837 760 2898 τοῖς
774 2833 880 2898 ἄλλοις
895 2839 955 2899 τοῖς
969 2830 1181 2906 ἐκπεπτωκόσι,
1198 2833 1246 2895 soi
1260 2835 1335 2911 μετὰ
1353 2838 1456 2909 τοῦτο,
1472 2833 1526 2912 τὴν

477 2932 596 3011 πλάνην
606 2931 882 3012 ἆυοιιολεοομένοις
892 2933 1156 3016 καὶὸμολογήσοσι
1165 2934 1219 3013 τὴν
1228 2934 1398 3013 εὐσεβείον,
1407 2960 1526 3017 συγκοι-

478 3032 662 3113 υιονήσομεν.

525 3135 605 3199 ibid.
629 3136 664 3201 ἐν
684 3142 723 3223 τῷ
746 3138 911 3219 βρᾶομοτι]
938 3137 1104 3200 BalsamO:
1137 3139 1231 3219 ἤγουν
1253 3136 1288 3202 ἐν
1311 3140 1346 3226 τῇ
1369 3140 1447 3219 ὀυεμῇ
1473 3145 1526 3203 τοῦ

479 3243 609 3319 διωγμοῦ
624 3239 786 3319 ἱστάμενοι.

525 3341 608 3405 Ibid.
631 3342 651 3406 l.
671 3344 719 3406 18.
746 3341 965 3425 ἐμβλέποντες]
998 3340 1050 3405 Sia
1077 3343 1208 3428 qainqua
1232 3344 1319 3408 codd.
1346 3344 1437 3408 Bodl.
1468 3364 1526 3430 pro

478 3443 557 3508 edito
571 3443 747 3524 βλέποντες.

525 3546 608 3610 Ibid.
626 3547 880 3634 ὑποσυρομένους]
896 3546 981 3610 Ἀντὶ
995 3553 1047 3610 τοῦ
1062 3548 1288 3627 κλεπτομέυουε,
1305 3549 1525 3629 ἆποπωμέυους,

482 3650 531 3712 καὶ
546 3650 746 3729 ἀρνουμένους
761 3649 814 3727 τὴν
830 3648 997 3728 εὐσέβειαν.
1038 3651 1112 3712 Ηοο
1126 3650 1280 3713 Zonaras.

525 3751 563 3812 P.
573 3752 626 3834 38.
638 3749 658 3813 l.
675 3770 698 3815 Ι.
714 3752 1028 3834 ὑπερθερμοιυόμενοι]
1048 3751 1099 3814 Ex
1110 3774 1173 3816 uno
1184 3754 1282 3817 codiee
1293 3756 1334 3817 62
1335 3774 1367 3838 5.
1381 3753 1526 3818 Ruwlt'a·

479 3852 603 3915 νουίουο
613 3852 645 3914 in
656 3851 806 3916 Biblioth.
818 3853 994 3916 Bodleiana
1006 3862 1133 3918 servato
1147 3854 1205 3918 hoo
1217 3856 1385 3920 restituere
1396 3857 1529 3921 verbum

481 3974 540 4038 pro
554 3953 635 4017 edito
649 3955 933 4035 ὑποθερμοινόμευοι
951 3976 1048 4017 ausus
1065 3977 1143 4018 sum.
1189 3958 1375 4036 Πυρούμενοι
1390 3955 1444 4036 τὴν
1461 3984 1528 4039 κορ-

481 4058 548 4118 δίον
563 4055 815 4139 interpretantur
830 4055 975 4118 Zonaras
992 4064 1026 4119 et
1046 4054 1203 4131 Balsama
1219 4065 1253 4121 et
1271 4059 1393 4121 inritati
1413 4059 1529 4124 Latine

481 4155 579 4220 vertit
602 4156 783 4220 Gentianus
804 4158 976 4220 Hervetus.
1020 4156 1096 4220 Vox
1117 4160 1416 4239 ὑπερθερμοινόμενοι
1434 4161 1528 4226 alteri

480 4260 722 4338 ὑπεροψόμενοι,
739 4280 809 4343 quae
825 4257 967 4343 proxime
983 4259 1137 4343 sequitur,
1149 4260 1238 4344 quasi
1251 4263 1450 4345 ἀντίστροφος
1460 4285 1529 4329 esse

481 4360 614 4425 videtur.
