4092 5150
556 413 621 482 292
706 411 864 474 GES'l'A
890 404 1220 472 PURGATIONIS
1246 406 1448 471 FELICIS.

557 593 578 622 ‘⁶
594 595 627 649 et
649 585 722 647 nolo
745 583 814 647 illos
837 582 1014 646 restituere.
1061 580 1176 665 ltaque
1195 581 1246 644 fao
1264 580 1392 645 litteras
1407 581 1484 665 quia
1503 580 1601 644 adusti

556 701 577 732 ‘⁸
591 703 675 770 sunt,
700 716 739 757 ne
761 715 904 757 revocem
926 693 1028 755 illos.”
1073 694 1120 757 Et
1140 714 1199 777 ego
1221 692 1305 755 dixi:
1331 691 1508 756 Christiani
1531 690 1604 755 fides

556 805 624 869 haee
647 807 716 870 est!
742 803 787 868 Et
809 804 890 888 coepi
913 803 1000 867 illum
1022 802 1189 887 corripere.
1235 802 1280 868 Et
1293 803 1341 868 ait
1359 803 1483 888 collega
1503 825 1602 867 meus:

557 916 667 981 Scribe
691 915 743 978 illo
768 914 865 978 Felici
889 921 1009 978 nostro.
1056 915 1103 977 Et
1128 914 1173 978 sio
1199 936 1259 999 ego
1281 914 1451 999 epistolam
1478 914 1604 991 dictavi,

556 1039 648 1111 ⁰quae
671 1035 763 1111 paret
786 1048 948 1110 usquequo
970 1025 1098 1089 dictavi.
1142 1024 1294 1090 AElianus
1315 1026 1485 1111 proconsul
1508 1025 1605 1089 dixit:

557 1135 644 1200 Audi
671 1137 737 1200 sine
763 1144 849 1200 metu
876 1136 1098 1200 recitationem
1119 1136 1262 1221 epistolae
1285 1143 1359 1201 tuae.
1405 1136 1606 1222 Recognosce

557 1268 719 1331 quousque
735 1247 912 1311 dictaveris,
957 1246 1126 1330 Agesilaus
1141 1247 1297 1313 recitavit.
1344 1249 1421 1333 Opto
1439 1258 1476 1322 e,
1492 1269 1606 1333 parcas

555 1357 719 1434 mnes-ima
750 1359 856 1422 melios
883 1379 978 1421 annos
1007 1356 1076 1421 bene
1105 1357 1214 1422 calere.
1261 1357 1410 1422 AElianus
1439 1358 1606 1444 proconsul

557 1469 725 1536 Oaeciliano
737 1471 837 1535 dixit:
857 1469 1031 1554 Hucusque
1046 1469 1196 1535 dictasti!
1211 1470 1404 1555 Respondit:
1422 1470 1603 1556 Hucusque.

556 1581 710 1666 reliquum
731 1581 845 1645 falsum
868 1589 926 1645 est.
972 1580 1143 1665 Agesilaus
1161 1580 1315 1645 recitavit.
1363 1589 1382 1618 ‘¹
1395 1580 1495 1645 ¹’Hoc
1518 1581 1605 1665 siguo

557 1699 576 1728 ‘⁴
593 1692 676 1775 quod
694 1692 733 1755 de
747 1691 931 1775 praetorium
946 1692 987 1754 ad
1003 1713 1054 1753 me
1070 1689 1184 1755 misisti
1199 1689 1258 1754 nisi
1273 1711 1333 1774 ego
1351 1698 1386 1754 et
1405 1698 1444 1754 tu
1464 1706 1498 1755 et
1519 1692 1606 1775 cujus

557 1810 577 1839 ‘⁴
593 1810 643 1866 est
658 1802 850 1888 praetorium,
867 1812 900 1866 et
916 1801 1016 1865 dixit:
1034 1801 1127 1865 Tolle
1142 1800 1272 1878 clavem,
1284 1807 1318 1865 et
1332 1823 1413 1885 quos
1425 1801 1605 1865 inveniesin

558 1922 577 1950 ‘⁶
593 1914 747 1977 cathedra
761 1913 857 1976 libros
874 1920 907 1976 et
922 1934 1017 1996 super
1032 1911 1136 1996 lapide
1152 1911 1284 1984 codices,
1301 1911 1378 1976 tolle
1397 1911 1480 1976 illos.
1526 1913 1606 1977 Sane

559 2032 580 2063 ‘⁸
596 2024 677 2100 vide,
693 2023 841 2087 officiales
856 2045 895 2085 ne
911 2022 1027 2086 tollant
1042 2022 1146 2085 oleum
1160 2032 1194 2086 et
1209 2022 1359 2087 triticum.
1391 2022 1437 2086 Et
1448 2046 1509 2108 ogo
1523 2024 1606 2087 dixi:
1687 2052 1697 2085 .-

557 2145 579 2173 “
596 2134 645 2198 Tu
666 2133 767 2197 nescis
782 2132 857 2216 quia
871 2132 925 2196 ubi
946 2132 1114 2215 scripturae
1128 2131 1341 2209 inveniuntur,
1358 2140 1392 2198 et
1411 2133 1483 2217 ipse
1498 2134 1607 2198 domus
1641 2156 1699 2196 c

557 2255 577 2284 “
594 2245 751 2309 diruitur?
774 2243 819 2308 Et
841 2243 968 2307 dixisti:
993 2243 1078 2324 Quid
1100 2265 1176 2329 ergo
1198 2243 1369 2307 faciemus!
1396 2242 1443 2307 Et
1462 2243 1528 2306 dixi
1551 2264 1700 2328 egon

559 2367 577 2395 “
595 2357 703 2421 vobis:
726 2356 832 2420 Tollat
854 2355 968 2440 aliquis
989 2356 1029 2419 de
1044 2355 1133 2421 vobis
1155 2354 1187 2417 in
1208 2354 1292 2419 areis
1314 2354 1369 2418 ubi
1384 2355 1547 2420 orationes
1562 2356 1700 2418 fa—

560 2477 579 2504 “
595 2468 677 2542 citis,
702 2476 735 2532 et
763 2467 825 2531 illic
847 2473 1018 2553 ponantur.
1065 2466 1111 2529 Et
1130 2489 1189 2552 ego
1209 2465 1300 2529 venio
1319 2486 1392 2530 cum
1411 2465 1700 2539 officialibus-2,

559 2590 578 2616 “
594 2590 628 2644 et
657 2579 744 2643 tollo.
791 2578 837 2642 Et
863 2601 920 2642 nos
950 2578 1003 2641 illo
1032 2577 1183 2655 venimus,
1210 2586 1244 2642 et
1273 2576 1380 2641 omnia
1405 2576 1539 2641 tulimus
1563 2600 1699 2640 so—

557 2698 577 2728 “
594 2690 729 2754 cundum
754 2689 915 2774 placitum,
932 2697 965 2752 et
987 2688 1165 2752 adussimus
1187 2688 1358 2752 secundum
1381 2709 1508 2752 sacrum
1532 2710 1648 2772 prae—
1689 2719 1696 2730 ·

559 2812 579 2841 ‘⁴
594 2801 752 2886 ceptum?
797 2800 960 2863 Maximus
975 2799 1077 2863 dixit:
1103 2798 1260 2880 Quoniam
1275 2799 1343 2882 ejus
1358 2798 1502 2883 epistolae
1519 2807 1696 2864 tono-tr

557 2911 654 2975 etiam
669 2911 754 2994 apud
770 2921 843 2974 acta
863 2911 1016 2974 recitatus
1031 2920 1092 2985 est,
1108 2931 1203 2994 quam
1223 2909 1290 2993 ipse
1310 2909 1478 2994 agnovisse
1498 2932 1538 2973 ac
1552 2910 1622 2972 mi·
1682 2943 1691 2955 ·

558 3023 635 3087 sisse
660 3022 751 3096 dixit,
778 3043 958 3105 quaesumus
983 3022 1043 3085 hoo
1069 3020 1148 3085 actis
1175 3020 1239 3085 tuis
1268 3021 1400 3085 haereat.
1447 3021 1641 3106 Speretiur.
1677 3038 1689 3077 s

558 3134 656 3197 dixit:
693 3133 770 3212 Quae
796 3133 922 3196 dixistis
945 3133 1065 3218 scripta
1088 3139 1171 3195 sunt.
1217 3131 1405 3195 Caecilianus
1427 3134 1588 3217 respondit
1680 3149 1686 3188 τ

557 3244 635 3309 Gillo
649 3244 729 3327 (for.
748 3245 795 3305 Ex
812 3241 876 3317 illo,
886 3243 1023 3326 Depin.)
1038 3252 1087 3306 est
1099 3240 1223 3314 falsum,
1237 3264 1400 3326 quousque
1414 3244 1684 3328 estepistol==1

556 3378 638 3431 mea,
653 3377 815 3440 quousque
830 3354 913 3417 dixi:
938 3355 1021 3417 Bene
1037 3353 1113 3430 cale,
1122 3375 1240 3438 parens
1256 3354 1422 3417 cadesim.
1465 3356 1682 3420 ruriam-s

557 3465 722 3552 proconsul
738 3465 838 3528 dixit:
863 3467 965 3541 Quem
982 3464 1060 3528 dicis
1074 3464 1235 3528 addidisse
1250 3464 1292 3527 ad
1307 3463 1493 3548 epistolami
1514 3461 1679 3531 Caecss·

590 3611 680 3673 ⁰(s⁰r·
694 3609 762 3671 cuc)

590 3694 691 3752 v<Cum
709 3694 734 3739 in
753 3691 914 3753 sirpcricribus
927 3691 993 3738 aliud
1011 3693 1115 3753 positum
1131 3692 1162 3739 sit
1179 3691 1251 3751 hujus
1262 3690 1329 3740 sslsss
1346 3691 1451 3754 epistola
1463 3692 1675 3754 exemplntzffli

556 3794 586 3826 cx
598 3776 706 3837 utrisque
717 3773 853 3830 formulam,
867 3790 919 3836 quse
930 3775 1048 3836 seqnitur,
1056 3772 1172 3836 expiscari
1182 3782 1283 3820 conatus
1291 3787 1353 3820 sirm.
1377 3772 1449 3821 ‘Hoc
1459 3774 1535 3836 signo,
1546 3766 1674 3835 (ιιι-111

558 3860 588 3906 de
604 3858 735 3920 precatorio
747 3858 776 3903 nd
792 3871 830 3903 me
842 3855 947 3915 misistis,
960 3856 1005 3901 nisi
1023 3871 1084 3913 erro,
1096 3864 1120 3902 et
1131 3864 1158 3902 tn
1169 3863 1194 3902 st
1205 3854 1263 3915 ipse,
1274 3856 1344 3916 cujus
1354 3862 1391 3903 est
1406 3856 1572 3915 precatorium,
1655 3858 1674 3893 ⁰1

556 3940 646 3998 dixisti,
665 3938 734 3985 Tolle
750 3937 848 3993 clavem,
866 3949 890 3985 ct
910 3953 969 3998 qnos
989 3937 1110 3985 inveneris
1128 3938 1153 3984 in
1171 3936 1285 3985 cathedra
1303 3935 1385 3995 libros,
1401 3946 1426 3984 et
1446 3952 1518 3999 super
1531 3936 1576 3997 lapi
1649 3928 1672 3973 ἀΰ

558 4025 657 4083 codices,
669 4021 725 4069 tolle
737 4021 804 4075 illos:
821 4037 878 4067 sane
890 4021 953 4071 vide,
970 4018 1080 4067 officiales
1097 4034 1128 4067 ne
1145 4018 1231 4067 tollant
1241 4018 1320 4066 oleum
1331 4028 1356 4066 et
1371 4017 1486 4066 triticum.
1523 4018 1554 4065 Et
1563 4022 1672 4069 βψ)

556 4106 605 4153 dixi
618 4106 669 4162 tilii,
689 4104 728 4150 Tu
742 4103 817 4150 nescis
834 4102 890 4163 qnia
902 4102 941 4148 nbi
960 4102 1084 4163 scripturas
1100 4101 1268 4155 inveniuntur,
1280 4110 1305 4147 et
1322 4099 1374 4161 ipss
1384 4099 1471 4147 domus
1481 4100 1569 4146 diruite
1632 4092 1666 4135 1?

558 4185 592 4233 Et
602 4185 694 4236 dixisti,
707 4184 773 4242 Quid
786 4199 843 4244 ergo
861 4185 997 4230 iaciemus?
1016 4184 1049 4230 Et
1065 4183 1116 4229 dixi
1133 4197 1178 4244 ego
1188 4182 1263 4240 vobis,
1284 4180 1367 4229 Tollat
1383 4179 1471 4242 aliquis
1482 4180 1512 4228 de
1524 4184 1662 4226 rest-1¹¹

559 4268 582 4314 in
595 4282 683 4323 arcam,
696 4266 735 4311 ulii
746 4266 865 4313 orationes
875 4265 993 4321 facitiset
1009 4264 1057 4311 illic
1069 4274 1206 4326 ponantur:
1218 4274 1242 4311 et
1253 4278 1298 4325 ego
1309 4262 1382 4312 venio
1391 4277 1449 4310 cum
1460 4262 1568 4309 cfficirdib
1586 4267 1654 4308 ¹¹⁸1

557 4361 581 4398 et
592 4349 656 4397 olln
683 4350 714 4396 ilc
726 4364 769 4395 nos
777 4348 818 4396 illo
827 4350 946 4404 venimus,
959 4360 983 4397 et
991 4351 1073 4396 omnis
1084 4348 1184 4397 tulimus
1195 4350 1329 4397 secundum
1343 4348 1469 4411 placitum,
1479 4358 1503 4397 et
1516 4336 1647 4393 adussi-

557 4448 611 4479 mus
623 4433 756 4479 secundnm
769 4445 862 4476 sacrum
876 4433 1049 4492 praeoeptum.’)
