4092 5150
487 424 551 489 106
819 419 1198 487 ANNOTATIONES

485 605 594 660 λαττεν
608 597 627 674 ἡ
642 595 742 660 πίστις
758 593 849 657 αὐτοῦ
862 595 897 657 έν
912 593 1002 678 καιρῷ
1018 615 1076 656 τινι
1090 589 1142 670 τῆς
1156 592 1243 673 άγίας
1258 594 1418 684 καθολικῆς
1430 593 1516 666 έκκλη·

485 701 563 765 σίσς.
594 698 679 763 σῦτος
702 698 718 759 δ
742 696 893 775 Μελήτιος
917 697 1084 778 σόγχρονος
1109 693 1147 775 ἦν
1175 695 1222 758 καὶ
1247 693 1457 773 συνωκμαστής
1479 696 1518 755 τοῦ

484 800 697 882 προειρημένον
718 798 837 880 Ἱέρακά
858 823 902 874 τε,
920 800 967 863 καί
990 795 1115 876 καθιξῦς
1133 797 1352 878 διαδεξάμενος.
1374 797 1409 864 δς
1428 795 1520 876 ἦνκαὶ

484 908 536 965 τοῦ
551 904 638 984 ἁγίου
655 903 772 982 Πέτρου
785 906 837 964 τοῦ
857 905 909 980 τῆς
922 899 1151 982 Ἀλεξανδρείας
1170 901 1337 966 έπισιιότιου
1353 901 1519 987 σῦγχρονος.

485 1008 532 1069 καὶ
547 1007 627 1069 οῦτοι
641 1004 750 1070 πάντες
765 1005 814 1067 έπὶ
828 1008 879 1066 τοῦ
901 1005 1031 1084 διωγμοῦ
1042 1001 1123 1082 ἦσαν
1141 1006 1194 1066 τοῦ
1213 1000 1380 1083 γενομένου
1395 1001 1446 1064 ἐπὶ
1461 1007 1520 1063 Διο·

484 1113 642 1186 κλητιανοῦ
662 1107 709 1170 καὶ
730 1108 927 1185 Μαξιμιανοῦ.
945 1105 964 1183 ἡ
983 1106 1015 1167 δέ
1037 1106 1111 1169 κοτδ
1130 1103 1183 1168 τδν
1204 1103 1361 1185 Memfim
1381 1105 1522 1177 ὑπόθεσις,

482 1215 587 1272 τοῦτον
602 1209 677 1291 ἔσχε
691 1209 745 1272 τὸν
758 1210 878 1289 τρόπον.

527 1313 648 1395 Σχίσμα
673 1313 822 1390 έποίησεν,
849 1310 884 1373 οῦ
907 1310 967 1389 μὴν
990 1309 1243 1392 μετηλλογμένιις
1265 1308 1341 1394 (for.
1364 1316 1525 1390 μετηλλαχ-

482 1414 586 1496 μένος)
600 1413 654 1493 τὴν
668 1415 770 1477 πίστιν
788 1414 956 1495 γεγένηται.
978 1415 1064 1482 οῦτος
1078 1416 1112 1479 έν
1133 1416 1222 1498 καιρῷ
1239 1417 1293 1477 τοῦ
1312 1416 1455 1495 διωγμοῦ,
1473 1413 1526 1492 άμα

484 1517 588 1599 Πέτρῳ
602 1516 643 1600 τῷ
664 1518 739 1601 ἁγίῳ
760 1517 912 1601 έπισκόπῳ
927 1518 976 1586 καὶ
994 1517 1127 1598 μάρτυρι,
1143 1517 1267 1583 καὶτοῖς
1285 1517 1396 1586 άλλοις
1408 1516 1526 1599 μάρτυσι

484 1619 671 1700 συλληφθεὶς
689 1619 747 1682 ὑπὸ
766 1625 825 1682 τῶν
845 1621 895 1683 ἐπὶ
912 1620 1005 1704 τοότῳ
1021 1619 1095 1701 (sor.
1111 1620 1212 1701 τοῦτο)
1226 1618 1286 1684 ῦτδ
1305 1624 1360 1682 τοῦ
1378 1618 1526 1698 βασιλέως

483 1720 720 1802 έπιτεταγμένων
737 1727 796 1788 τῶν
819 1719 880 1784 κατ’
899 1723 996 1785 έκεῖνο
1017 1726 1118 1803 καιροῦ
1138 1722 1294 1802 ἡγεμόνοιν
1315 1725 1367 1801 τῆς
1388 1719 1526 1800 Ἀλεξαν-

481 1824 579 1902 δρείας
595 1823 643 1885 καὶ
658 1824 817 1904 Αίγίπτου·
841 1823 1027 1903 Κουληιανδς
1039 1826 1096 1903 μὶν
1109 1822 1148 1902 ἦν
1162 1823 1355 1907 έταρχοςτῆς
1365 1823 1525 1905 Θηβαίδος,

481 1921 708 2005 Ἀλεξανδρείας
727 1927 759 1988 δὲ
774 1922 931 2006 Ἱεροκλῆς·
950 1931 999 1989 καὶ
1018 1927 1036 1988 θ
1055 1927 1112 2004 μὲν
1133 1926 1283 2006 Μελήτισς
1302 1929 1338 1991 έν
1357 1931 1401 2014 τῦ
1418 1933 1526 2008 δισμυ-

481 2028 568 2111 τηρίῳ
589 2026 798 2109 καθειργμένος
819 2027 865 2106 ην,
882 2029 969 2094 οὗτός
989 2053 1022 2091 τε
1042 2029 1090 2092 καὶ
1109 2031 1138 2094 σί
1152 2028 1359 2110 προειρημένοι
1377 2030 1525 2111 μάρτυρις,

481 2129 541 2207 άμα
556 2133 596 2214 τῷ
609 2130 808 2214 προειρημένῳ
825 2130 930 2214 Πέτρῳ
940 2131 980 2215 τῷ
991 2135 1042 2209 τῆς
1051 2128 1281 2213 Ἀλεξανδρείας
1294 2133 1525 2218 άρχιεπισκότῳ.

482 2234 577 2295 έδόκει
591 2234 624 2295 δὲ
646 2235 693 2295 καὶ
715 2235 731 2295 ὁ
748 2232 899 2311 Μελήτιος
913 2238 972 2297 τῶν
991 2236 1066 2301 κατὰ
1080 2233 1135 2312 τὴν
1149 2239 1301 2317 Αἴγυπτον
1318 2236 1467 2316 προήκων,
1483 2237 1526 2301 καί

480 2338 658 2416 δευτερεύων
672 2339 713 2420 τῷ
735 2335 840 2420 Πέτρῳ
862 2337 937 2398 κατὰ
958 2334 1013 2413 τὴν
1033 2335 1278 2419 άρχιεπισκοτιὴν,
1294 2335 1335 2402 ὥς
1353 2334 1390 2399 δι’
1409 2335 1525 2416 burm}

481 2446 564 2519 ψεως
579 2439 668 2501 αὐτοῦ
682 2437 780 2520 χάριν,
797 2435 845 2501 ὑπ’
861 2438 951 2501 αὐτὸν
966 2440 998 2503 δὲ
1013 2437 1066 2511 ὢν,
1084 2439 1132 2506 καί
1146 2436 1194 2501 ὑπ’
1205 2436 1277 2525 (ἐπ’.
1289 2458 1353 2501 eor.
1363 2438 1524 2519 Ρσίαοίυι)

480 2541 571 2605 αὐτὸν
585 2544 622 2605 τὰ
637 2542 868 2619 έκκλησιαστικδ
883 2540 1052 2623 ἀναφέρων.
1074 2547 1160 2605 τοῦτο
1175 2544 1232 2624 γὰρ
1247 2541 1315 2609 έθος
1335 2542 1413 2619 ἐστὶ,
1428 2542 1481 2606 τδν
1494 2543 1526 2606 ἓν

478 2648 514 2721 τῇ
525 2641 740 2729 Ἀλεξανδρείῳ
751 2645 985 2726 άρχιεπίσκοπον
996 2644 1094 2723 πάσης
1103 2670 1136 2709 τε
1146 2644 1296 2725 Αίγῦπτου
1306 2644 1354 2708 καὶ
1363 2642 1524 2724 Θηβαίδος,

480 2747 660 2825 Μαραιιότον
681 2772 724 2819 τε,
749 2747 797 2810 καὶ
820 2747 941 2824 Λιβύης,
963 2744 1177 2825 Ἀμμωνιακῆς,
1199 2745 1406 2826 Μαραιιότιδός
1424 2770 1457 2808 τε
1480 2745 1525 2811 καί

480 2850 709 2925 Πενταπάλεως,
737 2849 820 2930 έχειν
845 2848 899 2925 τὴν
925 2848 1173 2927 έκκλησιαστικὴν
1196 2848 1350 2927 διοίκησιν.
1384 2848 1451 2912 ἐπεὶ
1474 2846 1525 2911 οῦν

478 2949 706 3029 συλληφθέντες
731 2951 812 3012 οῦτοι
837 2949 947 3016 πάντες
974 2951 1133 3031 μαρτυρίου
1161 2949 1251 3033 χάριν
1281 2951 1315 3013 έν
1344 2952 1379 3028 τῇ
1408 2952 1524 3031 φυλακῇ

477 3053 632 3133 έπραττον·
660 3055 759 3136 χρόνῳ
782 3054 813 3116 δὲ
837 3054 927 3137 ίκανῳ
950 3051 1110 3131 ἐπέμειναν
1131 3050 1347 3133 καθειργμένοι·
1378 3053 1470 3116 ἄλλοι
1494 3052 1524 3114 δέ

476 3155 534 3234 πρὸ
556 3155 652 3217 αὐτῶν
673 3154 891 3235 παραδοθέντες
913 3157 1130 3236 ἐμαρτύρησαν,
1146 3156 1195 3218 καὶ
1216 3155 1250 3218 τὸ
1272 3154 1360 3222 τέλος
1379 3160 1435 3218 τοῦ
1453 3161 1524 3235 βρο·

475 3260 561 3335 βείου
577 3257 759 3334 άπείληφαν,
776 3258 824 3319 καί
839 3258 1047 3336 ἐκοιμήθησαν.
1069 3258 1153 3321 οῦτοι
1171 3259 1204 3321 δὲ
1223 3259 1263 3328 ὣς
1280 3258 1461 3340 ἅκραίμουες
1479 3257 1524 3324 καί

477 3360 592 3437 μείζους
607 3360 772 3438 ἐσύστερον
787 3361 953 3441 έτηροῦντο.

523 3463 579 3525 Καὶ
591 3461 691 3539 ἐπειδὴ
703 3461 739 3543 (ί.
753 3461 869 3543 ἔπειτα)
881 3468 970 3526 τινῶν
979 3464 1037 3542 μὶν
1047 3463 1305 3544 μαρτυρησάντων,
1315 3463 1422 3527 άλλιιν
1432 3465 1465 3526 δὲ
1475 3464 1525 3524 τσῦ

475 3566 633 3646 μαρτυρίου
649 3566 662 3626 ι’
666 3569 845 3637 κπεσόντων,
863 3565 911 3628 καὶ
928 3564 982 3643 τὴν
1001 3567 1229 3647 άθεμιτονργίαν
1245 3569 1296 3644 τῆς
1315 3571 1375 3629 τῶν
1395 3566 1525 3632 είδιίλων

475 3670 633 3747 θρησκείας
646 3666 828 3748 πραξάντων,
845 3670 874 3731 ol
889 3667 926 3757 (ί.
938 3667 982 3750 σί)
999 3666 1061 3731 κατ’
1077 3668 1209 3749 ἀνάγκην
1223 3668 1271 3732 καὶ
1286 3669 1395 3733 θυσίαν
1410 3668 1524 3750 (θυσίαι

474 3792 539 3833 οοτ.
556 3770 719 3849 petavius)
733 3749 1152 3851 zspvjwavvoss'mpamdvus
1166 3771 1228 3844 οῦν,
1245 3772 1293 3835 καὶ
1306 3771 1463 3844 θύσαντες,
1480 3770 1524 3834 καὶ

475 3872 673 3953 παραβάντες,
690 3874 863 3953 προσῆλθον
878 3877 939 3939 τοῖς
953 3875 1151 3953 δμολογηταῖς
1165 3898 1198 3936 τε
1217 3874 1263 3936 καί
1276 3871 1432 3953 μάρτυσιν,
1448 3875 1525 3940 ὅπως

474 3977 605 4057 τύχωσιν
620 3976 722 4040 έλέσυς
737 3978 784 4038 διὰ
796 3972 965 4053 μετανοίας,
982 3977 1080 4053 οἱμὲν
1096 3974 1154 4037 άπδ
1177 3980 1365 4055 στρατιωτῶν
1385 3977 1481 4051 ὄντες,
1497 3976 1524 4037 οί

474 4080 505 4140 δὲ
522 4077 580 4140 άπὸ
596 4084 740 4158 κληρικῶν
750 4076 934 4160 ὑπάρχοντες
949 4079 1094 4159 διαφόρου
1111 4078 1230 4160 κλήρου,
1247 4079 1464 4159 πρεσβυτερίου
1481 4102 1521 4148 τε,

475 4180 522 4245 καὶ
543 4183 699 4254 διακονίας,
720 4181 768 4243 καὶ
790 4181 903 4252 ἄλλων,
928 4181 1042 4259 κίνησις
1062 4180 1182 4261 ἐγένετο
1205 4178 1359 4259 άνομέσον
1378 4185 1438 4244 τᾶν
1452 4204 1522 4259 μαρ-

473 4284 576 4362 τύρων,
594 4283 642 4346 καὶ
656 4282 786 4366 τάραχος
800 4283 855 4364 οὐχ
871 4284 887 4344 δ
903 4283 1011 4365 τυχόν·
1034 4288 1092 4345 τῶν
1106 4284 1163 4361 μὶν
1180 4284 1334 4363 λεγόντων
1355 4281 1424 4349 τοὺς
1444 4278 1524 4358 άπαξ

472 4387 710 4475 παραπεσόντας,
728 4386 775 4448 καὶ
789 4384 1020 4467 ἀρνησαμένους,
1038 4386 1085 4449 καί
1107 4387 1140 4449 έν
1161 4387 1342 4471 άνδρειότητι
1364 4383 1406 4466 μη
1427 4409 1519 4467 ταρα-
