4092 5150
473 420 540 483 ³12
659 413 931 480 CONCILIUM
957 410 1287 475 ARELATENSE
1309 410 1342 474 1.

475 591 672 649 ‘creamus
691 588 854 667 episcopus,
878 584 985 643 Florus
1004 583 1155 651 diamur,
1169 603 1208 642 ex
1228 582 1354 641 civitate
1371 580 1521 661 Syrmu-

517 706 630 750 norum,
645 683 795 763 ynovincia
808 682 918 741 Sicilia.

477 781 628 840 Proterius
642 781 804 860 episcopus,
818 779 993 857 Agrippaet
1008 777 1101 835 Pinna
1118 775 1266 845 diacum
1280 775 1321 836 dc
1338 777 1458 837 civitate
1471 776 1522 835 Ca·

517 880 680 959 pacasium,
695 877 843 955 provincia
857 876 1025 955 Campania.

478 975 591 1034 Pardus
611 975 774 1053 episcopus,
796 972 937 1032 Crescens
957 973 1105 1038 disemus,
1126 970 1309 1031 decivitate
1326 969 1522 1050 Aquensim

518 1071 666 1151 provincia
680 1068 799 1148 Apulis

476 1167 649 1227 Theodorus
661 1166 824 1244 episcopus,
839 1165 978 1244 Agatbon
992 1146 1141 1231 (Ϊίιωιιυι,
1156 1165 1196 1224 (ie
1207 1164 1332 1224 civitate
1341 1161 1523 1242 Aquibcieui,

517 1263 667 1344 provincia
680 1262 833 1320 Dnbnatia.

478 1360 657 1419 Claudianus
665 1372 696 1418 et
711 1360 798 1417 Vitus
810 1359 983 1438 presbyten',
993 1358 1147 1437 Eugenins
1159 1369 1192 1417 et
1205 1358 1374 1438 tCyriacus
1387 1358 1522 1424 (limma.

520 1470 535 1501 υ
545 1477 582 1515 ex
596 1458 669 1515 urbe
684 1457 778 1513 Roma
791 1457 869 1513 missi
884 1476 901 1513 a
915 1454 1058 1513 Silvestro
1071 1455 1218 1533 episcopo.

480 1552 626 1612 Merocles
639 1554 801 1632 episcopus,
817 1552 944 1611 Severus
957 1551 1106 1617 diaconus,
1121 1550 1158 1609 de
1171 1552 1293 1612 civitate
1304 1551 1520 1616 Mediolanensi.

520 1650 668 1730 provincia
683 1648 778 1707 ltalia,

480 1746 627 1805 ¹Oresius
654 1746 816 1825 episcopus,
839 1745 986 1804 Nazarins
1009 1744 1111 1813 lector,
1135 1744 1172 1804 de
1195 1745 1319 1805 civitate
1343 1746 1519 1812 Massiliensi,

521 1844 668 1924 provincia
683 1843 855 1901 Viennensi.

480 1941 616 1999 Marinus
628 1940 790 2020 episcopus,
806 1939 940 1998 Salamus
953 1941 1113 2019 presbyter,
1128 1940 1277 2011 Nicasius,
1293 1941 1383 2009 Afer,
1398 1943 1517 2007 Ursinus,

521 2048 551 2095 et
571 2037 687 2102 Petrus,
702 2036 845 2104 diacones,
861 2037 898 2095 de
911 2038 1030 2096 civitate
1040 2037 1269 2106 Arelatensium,
1280 2040 1434 2117 provincia
1445 2039 1516 2096 Vien-

522 2154 613 2192 nenti.

481 2232 580 2290 Verus
601 2232 763 2310 episcopus,
785 2230 881 2290 Bedas
900 2232 1053 2297 exorcista,
1069 2231 1106 2290 de
1126 2231 1246 2291 civitate
1267 2229 1443 2300 Viennensi,
1463 2251 1513 2312 pro

522 2329 616 2387 vincia
630 2328 835 2407 suprascripta.

482 2425 627 2504 Daphnus
644 2426 806 2505 episcopus,
828 2425 929 2484 Victor
946 2424 1100 2494 exorcista,
1118 2424 1156 2484 de
1174 2424 1296 2485 civitste
1316 2426 1446 2492 Vascnai,
1462 2443 1510 2505 pre

522 2523 618 2583 vincia
632 2523 804 2583 Viennensi.

484 2621 642 2679 Faustinus
667 2622 826 2699 presbyter,
848 2620 885 2679 de
909 2620 1028 2679 civitate
1052 2619 1271 2689 Arausioornm,
1294 2622 1444 2701 provincis
1464 2638 1509 2698 qur

524 2738 620 2796 supra.

484 2815 673 2873 Innocentius
687 2814 834 2881 diaconus,
850 2814 983 2893 Agapius
996 2815 1149 2883 exorcista,
1161 2835 1197 2873 ex
1212 2827 1301 2894 portu
1318 2816 1453 2875 Nioaensi.

485 2913 634 2970 Romanus
648 2913 806 2992 presbyter,
822 2911 927 2970 Victor
940 2912 1093 2978 exorcista,
1109 2913 1145 2971 de
1159 2912 1279 2971 civitate
1293 2912 1471 2992 Apteutium.

796 3126 928 3184 urunt
950 3127 1009 3185 DE
1033 3126 1216 3185 GALLIIS.

485 3240 702 3298 zlmbetausius
719 3240 881 3319 episcopus,
903 3240 1100 3319 Primigenius
1119 3240 1269 3309 diaconus,
1289 3241 1452 3301 decivitate
1464 3239 1503 3297 Re

525 3357 648 3395 morum.

485 3433 667 3493 ¹¹Avitianus
688 3435 850 3514 episcopus,
871 3435 1008 3495 Nicetius
1027 3434 1175 3501 diaconus,
1198 3436 1234 3495 de
1256 3437 1377 3497 civitate
1395 3438 1504 3495 Rotoma-

525 3531 668 3607 gensium.

487 3628 618 3686 Reticius
632 3629 792 3708 episcopus,
808 3626 981 3688 humandus
996 3630 1155 3709 presbyter,
1175 3629 1372 3692 Philematius
1385 3632 1503 3692 diruunt

526 3723 562 3782 de
577 3726 695 3784 civitate
708 3725 1031 3804 Augustodunensium.

487 3821 614 3880 Voccius
624 3822 751 3896 (Vooius
763 3825 898 3881 Simond.
915 3823 1025 3882 Votius
1039 3825 1082 3882 ed.
1100 3825 1231 3902 Matrit.)
1243 3826 1406 3906 episeopus,
1419 3823 1503 3882 cPetu·

526 3917 604 3977 liuus
618 3921 769 3987 exorcista,
784 3922 821 3980 de
836 3922 954 3979 civitate
968 3921 1221 3999 Lugdunensium.

520 4075 530 4102 ¹
545 4065 614 4112 Corb.
625 4065 746 4115 Crescens.
758 4065 853 4130 (Sixtus
864 4068 899 4114 ed.
913 4064 1025 4129 Matrit.)
1112 4068 1163 4114 tar.
1175 4066 1314 4125 Quiriacus.
1395 4079 1410 4108 ¹¹
1419 4060 1502 4119 ‹sl-0¹⁸⁰*

487 4145 732 4210 Silvssterspisoopus
743 4149 815 4197 misit.
924 4159 938 4187 ¹
951 4150 1009 4197 Duo
1021 4150 1100 4197 MSS.
1115 4148 1240 4198 Horosius.
1252 4150 1367 4213 (Orosius
1376 4151 1410 4199 od.
1421 4135 1501 4196 ΜΝ)

488 4237 502 4274 r
516 4228 574 4274 MS.
588 4235 667 4276 norror
679 4229 719 4276 Ex
734 4229 888 4278 Psovurcrs
898 4229 1016 4278 Ganurs.
1029 4229 1071 4291 (ex
1082 4246 1105 4292 p.
1116 4229 1200 4277 Gallius
1209 4233 1246 4279 ed.
1256 4232 1368 4295 Matra't)
1424 4232 1500 4284 ΜΡΝ»

487 4307 655 4357 Ambitsusus.
819 4312 969 4361 auronius
985 4314 1036 4361 riva
1052 4312 1188 4360 Avidnnus.
1205 4312 1355 4377 (avidianus
1370 4315 1402 4364 ort
1419 4292 1499 4359 Mami)

489 4389 500 4420 δ
512 4390 543 4437 ol.
556 4390 719 4440 Amandiuus.
835 4394 888 4440 ‘ab
903 4394 1029 4443 Pitolinus.
1046 4393 1166 4458 (Pctuliua
1178 4394 1214 4443 ed.
1226 4395 1337 4455 Mareia)
