4092 5150
474 404 538 474 176
821 404 1179 472 ANNOTATIONES

475 578 539 660 (vel
567 576 774 661 salaminus),
801 579 983 643 mmmm.
1030 577 1094 643 'l’ot
1118 578 1184 642 lere
1206 598 1340 642 numero
1363 578 1516 662 Ancyrani

472 679 560 764 apud
590 677 730 743 Nicaeam
756 678 865 743 decem
891 678 1018 743 circiter
1041 689 1117 762 post
1140 698 1241 744 annos
1270 679 1303 743 in
1328 701 1448 765 magna
1471 680 1517 744 illa

473 771 595 866 synodo
625 781 846 846 consederunt.
901 781 1042 858 Addam,
1070 803 1140 867 quae
1164 779 1334 846 Severinus
1361 782 1472 846 Binius
1493 783 1518 844 in

474 883 569 948 Notis
583 885 626 948 ad
640 884 701 949 hoc
717 882 895 947 Concilium
906 884 1113 968 Ancyranum
1128 883 1242 968 posuit.
1288 891 1309 920 ‘⁸
1322 882 1369 946 Hi
1385 885 1442 968 qui
1455 884 1519 948 sub·

475 997 496 1022 ‘¹
511 987 716 1071 scripserunt,
745 985 812 1050 fere
841 1007 950 1049 omnes
980 987 1113 1050 concilio
1142 986 1273 1052 Nicaeno
1300 987 1519 1051 iuterfuerunt.

474 1095 496 1127 “
514 1087 633 1151 Vitalis
648 1087 880 1164 Antiochenus,
895 1110 933 1152 eo
948 1091 1034 1174 quod
1048 1088 1152 1173 primo
1165 1088 1235 1153 loco
1248 1089 1375 1175 positus
1389 1089 1445 1163 sit,
1455 1111 1519 1153 con·

474 1197 495 1227 “
509 1191 615 1255 cilium
637 1190 698 1254 hoc
717 1190 868 1254 indixisse
886 1190 1020 1255 videtur.
1069 1190 1258 1276 Agricolaus
1274 1191 1406 1256 Eusebii
1423 1191 1519 1256 Gaesa·

473 1301 495 1330 “
510 1292 630 1356 reensis
644 1291 678 1354 in
693 1291 867 1356 Palaestina
880 1300 1063 1357 antecessor
1077 1292 1170 1357 luit.”
1214 1293 1279 1379 (At
1293 1294 1367 1357 vide
1391 1316 1464 1378 quae
1485 1293 1520 1357 ad

473 1394 533 1457 hoc
548 1415 663 1457 nomen
677 1414 774 1477 supra
789 1393 919 1478 signavi,
934 1394 1018 1459 unde
1034 1395 1214 1460 concideret
1227 1417 1327 1458 unum
1342 1395 1472 1480 quidem
1485 1395 1520 1458 de

475 1494 593 1559 Valesii
615 1503 729 1559 contra
750 1496 999 1581 subscriptiones
1019 1497 1099 1562 istas
1113 1498 1310 1584 argumentis
1325 1519 1366 1562 ex
1382 1497 1520 1562 Puaesn-

474 1597 580 1662 nensis
596 1598 733 1683 episcopi
748 1598 909 1663 mentione
923 1599 1078 1682 ductum.)
1114 1597 1320 1664 “Marcellus
1336 1603 1522 1684 Ancyranus

477 1708 497 1737 “
511 1701 686 1785 episcopus,
709 1709 880 1786 postquam
899 1703 1050 1766 adversus
1070 1702 1184 1766 Arium
1201 1703 1234 1765 in
1254 1724 1372 1788 magno
1391 1703 1519 1767 concilio

477 1802 638 1887 “egregie
661 1825 790 1887 operam
813 1810 971 1880 navasset,
992 1805 1034 1867 ab
1057 1803 1186 1868 Arianis
1203 1825 1397 1890 magnopere
1420 1803 1522 1889 exagi-

476 1912 496 1941 “
512 1912 612 1979 tatus,
638 1907 680 1969 ab
710 1905 917 1970 orientalibus
946 1907 1186 1971 Sabellianismo
1215 1914 1358 1980 notatus,
1389 1930 1411 1970 a
1441 1905 1522 1970 Julio

477 2020 496 2042 “
513 2009 658 2072 Romano
687 2009 847 2093 pontifice,
873 2017 906 2075 et
932 2033 952 2074 a
977 2010 1109 2075 concilio
1139 2010 1319 2075 Sardicensi
1350 2009 1523 2083 absolutus,

476 2111 590 2176 “vixit
619 2112 661 2176 ad
690 2133 809 2175 annum
834 2112 964 2177 Domini
993 2113 1068 2198 376.
1094 2112 1148 2199 qui
1174 2120 1224 2177 est
1250 2113 1470 2178 Valentiniani
1491 2119 1522 2175 et

477 2214 657 2279 “Valentis
679 2236 780 2278 annus
802 2214 925 2299 imperii
947 2215 1096 2280 decimus.
1118 2215 1276 2300 Epiphan.
1294 2215 1410 2280 haeres.
1425 2217 1478 2293 48.
1492 2221 1523 2278 et

476 2324 498 2354 “
515 2332 566 2398 77.
611 2316 720 2402 Lupus
736 2317 902 2382 Tarsensis
917 2317 1081 2403 episcopus
1096 2318 1180 2382 inter
1199 2318 1343 2404 egregios
1360 2316 1523 2381 catholica

476 2419 585 2483 “fidei
606 2427 859 2504 propugnatores
881 2421 923 2484 ab
939 2421 1121 2486 Athanasio
1140 2420 1192 2485 lib.
1214 2422 1236 2484 i.
1259 2428 1371 2485 contra
1389 2419 1526 2484 Arianos

475 2529 497 2558 “
512 2530 703 2587 recensetur.
749 2522 885 2587 Basilius
916 2523 1080 2609 episcopus
1109 2525 1290 2588 Amasenus
1314 2522 1374 2586 sub
1404 2510 1544 2586 Licinio*

478 2625 767 2690 “Christianorum
793 2635 1004 2711 persecutore,
1036 2648 1120 2690 anno
1149 2625 1270 2691 Christi
1295 2626 1391 2710 316.”
1416 2626 1524 2707 (immo

476 2729 562 2792 haud
584 2736 660 2792 ente
682 2752 734 2793 an.
758 2734 850 2815 319·)
876 2742 895 2763 “
912 2730 1034 2793 illustre
1057 2729 1244 2814 martyrium
1267 2728 1375 2793 subiit.
1423 2729 1526 2812 Hujus

475 2838 497 2867 “
514 2831 667 2915 praedicto
689 2831 758 2895 loco
778 2831 978 2895 Athanasius
999 2853 1115 2916 magna
1137 2851 1209 2894 cum
1226 2829 1330 2915 gloria
1351 2836 1386 2893 et
1408 2829 1525 2893 honore

478 2941 499 2971 “
515 2942 723 3019 propugnatae
760 2934 833 2997 fidei
870 2935 1024 2999 meminit.
1084 2932 1247 2997 Eustolius
1278 2932 1526 2997 Nicomediensis

478 3042 497 3070 ‘⁴
511 3034 676 3120 episcopus
705 3035 853 3099 Anthimi
881 3034 964 3098 illius
993 3055 1164 3105 successor,
1192 3055 1286 3118 quem
1313 3034 1461 3097 Galerius
1486 3036 1524 3098 ob

478 3145 497 3172 “
513 3136 632 3200 (lhristi
648 3135 742 3198 fidem
758 3144 926 3200 necaverat
941 3144 1038 3221 atque
1053 3136 1119 3220 igni
1133 3135 1321 3199 tradiderat.
1358 3136 1526 3199 Heraclius

478 3249 497 3269 '⁸
513 3237 694 3302 Zelenensis
709 3239 839 3322 majoris
855 3239 1017 3302 Armeniae
1033 3238 1207 3321 episcopus.
1243 3237 1413 3302 Narcissus
1431 3239 1525 3302 Nero

477 3344 497 3374 “
512 3338 615 3403 uiadis
645 3347 756 3423 postea
786 3339 902 3403 defecit
931 3340 972 3403 ad
999 3339 1148 3403 Arianos.
1194 3338 1347 3403 Leontius
1371 3338 1525 3403 Caesareae

477 3440 725 3526 “Cappadociae
750 3443 915 3528 episcopus
941 3450 991 3506 est
1012 3442 1068 3534 ille
1090 3441 1229 3526 insignis,
1254 3440 1307 3527 qui
1334 3443 1464 3506 veniens
1486 3443 1525 3505 ad

477 3553 499 3582 “
516 3544 679 3608 Nicaenum
698 3545 872 3622 concilium,
890 3545 1082 3609 Nazianzum
1105 3566 1176 3608 cum
1199 3544 1408 3629 pervenisset,
1424 3546 1526 3609 invisit

478 3657 497 3678 “
514 3655 548 3710 et
578 3647 751 3730 baptizavit
777 3647 967 3731 Gregorium
996 3654 1123 3729 patrem
1152 3646 1298 3731 Gregorii
1326 3646 1525 3711 Nazianzeni.

478 3758 497 3780 “
515 3749 575 3829 Qui
600 3748 650 3811 hic
678 3748 838 3834 Longinus
862 3749 989 3827 dicitur,
1016 3750 1100 3813 inter
1124 3750 1310 3834 coryphaeos
1339 3752 1525 3815 orthodoxae

478 3859 497 3880 “
513 3848 587 3912 fidei
617 3849 755 3913 Nicaenae
783 3851 826 3913 ab
857 3850 1037 3914 Athanasio
1066 3861 1263 3929 numeratur,
1288 3860 1322 3915 et
1350 3853 1525 3917 abeodem

478 3960 497 3986 “
514 3951 696 4037 Longianus
711 3952 922 4016 nominatur.'’

522 4053 602 4117 Haec
612 4054 732 4117 Binius.
771 4054 952 4139 Necmagni
968 4077 1007 4118 ea
1021 4055 1211 4119 aestimanda
1226 4063 1312 4132 sunt,
1328 4077 1399 4140 quae
1416 4068 1525 4120 contra

477 4153 535 4217 has
561 4156 809 4237 subscriptiones
835 4155 976 4220 nonnulli
1006 4158 1209 4221 tradiderunt
1238 4158 1278 4221 de
1307 4157 1524 4242 episcoporum

478 4256 510 4317 in
534 4257 594 4321 hoc
616 4258 748 4322 concilio
774 4282 905 4323 numero
931 4268 1071 4345 agentes.
1118 4259 1322 4345 Conspicitur
1344 4260 1473 4344 quidem
1494 4259 1523 4321 in

477 4358 609 4423 ecclesia
640 4360 828 4426 Nativitatis
859 4362 988 4427 Domini
1020 4362 1107 4448 apud
1142 4362 1329 4427 Bethlehem
1362 4371 1454 4426 vetus
1482 4360 1523 4423 in·
