4092 5150
471 420 536 485 160
807 413 1188 481 ANNOTATIONES

473 590 591 655 XXV.
638 590 722 654 Illud
748 596 857 656 autem
880 591 979 656 αι’ποῖς
998 590 1111 655 τούτοις
1130 587 1172 651 de
1189 584 1286 650 rebus
1305 582 1444 649 venditis
1464 583 1524 648 dini

471 692 606 756 videtur.
652 691 805 756 Censores
820 714 892 757 eum
907 690 1010 755 verbis
1024 688 1156 754 eanonia
1169 691 1240 751 Aet.
1252 690 1360 772 Δροσί.
1368 685 1416 752 iv.
1431 706 1487 770 34.
1506 729 1510 738 ·

516 790 552 851 P.
571 807 640 855 τοι.
655 787 675 851 l.
695 809 743 870 14.
759 790 860 878 τιμήν]
877 792 1013 854 Zonarae
1027 786 1286 852 Commentariun:
1301 784 1378 850 Έδν
1388 785 1430 864 μὴ
1440 786 1526 851 ὄντος

473 892 636 955 ἐπισκόπου
664 891 881 969 ἐκποιήοωνταί
905 916 972 953 τινα
997 894 1057 952 τῶν
1085 888 1289 969 διαφερόντων
1317 886 1465 965 ἀκινήτων
1492 890 1526 966 τῇ

472 994 617 1075 ἐκκλησίᾳ
638 994 667 1055 ot
689 996 741 1054 τοῦ
764 992 884 1073 κλήρου,
906 994 955 1056 διό
971 1017 1039 1055 τινα
1057 993 1130 1058 ἴσως
1152 992 1390 1071 κατεπείγουσαν
1410 989 1526 1073 χρείαν

472 1096 521 1156 διδ
536 1096 594 1173 γὰρ
608 1098 667 1155 τῶν
681 1093 894 1174 πρεσβυτέρων
908 1093 962 1156 τὸν
977 1096 1088 1173 κλῆρον
1101 1091 1248 1170 ἠνίξατοδ
1261 1091 1369 1165 κανδν,
1380 1091 1525 1171 μνησθεὶς

474 1195 570 1259 αὐτῶν
585 1194 619 1257 τὸ
634 1194 782 1277 ὑπερέχον
796 1200 848 1258 τοῦ
863 1199 991 1275 βαθμοῦ·
1018 1196 1236 1259 ἀνακαλεῖσθαι
1255 1200 1349 1259 ταῦτα
1370 1195 1494 1258 δύναται
1509 1194 1528 1272 ἡ

475 1298 628 1376 ἐκκλησία,
649 1297 715 1376 ἤτοι
739 1300 755 1359 6
777 1299 947 1365 ἐπίσκοπος.
970 1298 1005 1363 οδ
1027 1302 1061 1376 τῇ
1083 1299 1178 1378 κρίσει
1192 1298 1369 1375 ἀνατίθησιν
1390 1298 1409 1359 6
1431 1298 1528 1360 κεινὸν

475 1398 642 1476 δοκιμάσαι,
665 1402 691 1462 εί
708 1400 766 1481 χρὴ
788 1401 1025 1481 δντιστραφῆναι
1047 1400 1081 1463 τὸ
1103 1403 1225 1479 τίμημα,
1245 1397 1265 1478 ἢ
1285 1398 1334 1478 μή.
1378 1401 1454 1466 tm
1470 1401 1528 1481 γὰρ

476 1501 661 1581 εὐπρόσοδον
676 1499 712 1564 δν
726 1502 761 1564 τδ
777 1503 916 1581 ἀκίνητον
931 1501 1161 1583 περιεποιήσατο
1176 1505 1216 1586 τῷ
1232 1502 1384 1583 δγοραστῇ
1399 1502 1527 1565 πλείονα

475 1601 530 1678 τὴν
552 1601 648 1681 τιμήν.
694 1606 710 1665 6
735 1606 767 1666 δέ
793 1607 844 1680 τῆς
867 1606 901 1667 ἐν
932 1603 1110 1685 Καρθαγένη
1134 1605 1261 1667 συνόδου
1287 1603 1423 1670 είκοστδς
1445 1604 1528 1671 ἕκτος

477 1706 575 1767 κανὼν
595 1706 748 1786 ἀπρόσοδα
769 1707 892 1785 ἀκίνητα
914 1707 1035 1770 δίδωσιν
1055 1708 1249 1779 ἐκποιεῖσθαι,
1268 1703 1399 1787 ἆνόγκης
1419 1708 1527 1771 ἐπικει-

475 1805 577 1883 μένης,
593 1808 676 1871 ἀλλὰ
692 1809 740 1869 καὶ
754 1812 791 1870 τὰ
806 1812 926 1872 τοιαῦτα
940 1811 1016 1887 μετδ
1032 1807 1209 1886 διαστίξεως.
1255 1806 1409 1870 Similiter
1428 1807 1527 1872 inter·

477 1908 597 1991 pretati
612 1910 773 1973 Oanonem
795 1918 871 1974 eunt
886 1910 1037 1974 Balsama
1052 1908 1287 1993 Blastareaque.
1333 1907 1446 1993 Neque
1465 1909 1528 1974 alio

475 2010 592 2074 suadet
608 2010 663 2095 jus
685 2018 718 2075 et
740 2034 877 2096 oequnm,
892 2034 964 2075 oum
986 2033 1049 2075 non
1072 2012 1182 2075 lioeret
1203 2011 1279 2074 sede
1300 2018 1447 2088 venante,
1468 2010 1526 2076 nini

478 2111 636 2176 existente
651 2114 854 2189 necessitate,
870 2136 920 2177 res
935 2113 1071 2177 distrahi
1086 2113 1329 2177 ecclesiastieae.

864 2287 1017 2352 OANON
1041 2288 1142 2350 XVI.

523 2420 604 2484 Ibid.
630 2422 651 2485 l.
682 2426 730 2485 16.
757 2430 816 2486 τῶν
845 2421 1113 2507 ἀλογενσομίνων]
1147 2422 1356 2507 interpretati
1386 2428 1464 2487 tunt
1494 2422 1526 2487 S.

480 2522 644 2588 Martinus
667 2525 873 2589 Bracarensis
894 2525 927 2589 in
953 2525 1124 2590 tolleman
1151 2526 1307 2590 Οοπουυυι
1332 2526 1528 2605 ρυοηικιίαοι

479 2626 565 2710 apud
580 2627 673 2691 Jario
689 2628 802 2692 θαυοο.
822 2628 885 2691 Vet.
899 2626 1043 2691 Bitttott.
1054 2649 1085 2711 p.
1097 2627 1183 2690 xxxi.
1200 2628 1353 2704 Zonaras,
1370 2626 1530 2706 Balaamo,

481 2729 717 2814 Blastaresque,
734 2731 773 2794 de
790 2732 956 2814 ζωοφθορίη
970 2737 1120 2805 tantum3
1142 2731 1198 2793 sed
1213 2728 1304 2793 simul
1320 2750 1392 2793 enm
1407 2729 1463 2793 illa
1479 2728 1529 2808 τὴν

479 2834 555 2910 μετὰ
570 2832 702 2912 ὰῤῥένων
717 2834 932 2914 ἀσχημοσύνην
947 2832 1118 2896 Aristonus
1133 2831 1244 2911 etalii,
1260 2831 1344 2896 siout
1358 2839 1393 2896 et
1408 2831 1529 2916 aliquot

481 2932 606 2996 Latiam
625 2933 784 3011 Verrinam,
801 2934 1044 3019 conjunxerunt.

526 3035 610 3098 Ibid.
625 3033 643 3114 ἢ
659 3037 707 3099 καὶ
721 3036 965 3123 ἆλογευομένων]
990 3035 1047 3099 Vel
1058 3036 1149 3099 otiam
1163 3037 1197 3099 ι’νι
1210 3034 1315 3100 stolen
1328 3055 1381 3099 οιίο
1389 3043 1530 3119 porum·

481 3137 569 3200 tiam.
586 3137 702 3200 Confer
715 3134 792 3199 Ηοδ.
808 3138 849 3199 vi.
866 3154 912 3198 10.
929 3135 1159 3213 διακονήσαντες
1173 3140 1236 3201 τοῖς
1250 3135 1347 3216 δγίοις
1364 3135 1414 3198 καί
1435 3139 1531 3198 διακο-

483 3242 611 3313 νοῦντες,
626 3237 753 3322 Vulgat.
769 3239 823 3322 qni
838 3237 1033 3301 ministrastis
1046 3237 1166 3313 sanctia,
1182 3247 1208 3300 et
1222 3237 1416 3300 minietratm.
1444 3237 1489 3302 Et
1499 3236 1531 3301 S.

481 3341 504 3403 J
507 3341 602 3404 ustin.
621 3341 668 3403 M.
684 3341 717 3403 in
733 3342 865 3425 Ιὶίαίορο
880 3362 951 3403 oum
971 3340 1237 3424 Tryphone-rot
1255 3340 1388 3420 μάλιστα
1408 3340 1477 3408 τοὺς
1499 3343 1533 3404 ἐν

482 3450 546 3508 ταῖς
570 3450 760 3524 συναγωγαῖς
784 3445 1112 3520 καταναθεματίοαντας
1138 3444 1186 3505 καὶ
1212 3444 1533 3521 καταναθεματίζοντος

483 3543 528 3607 ἐπ’
544 3545 634 3608 αὐτὸν
649 3549 788 3625 Χριστόν.
808 3546 840 3626 6.
854 3564 906 3624 47.
919 3545 968 3608 ed.
982 3545 1182 3609 Benedictin.
1217 3547 1296 3608 Gum
1310 3566 1385 3608 vero
1401 3544 1533 3610 omittat

483 3645 671 3730 particulam
694 3648 741 3709 καὶ
758 3647 847 3710 eodm
862 3646 953 3710 Bodl.
967 3649 1030 3731 338
1033 3668 1062 3730 5.
1082 3647 1165 3710 sorte
1182 3646 1252 3731 quis
1269 3647 1457 3732 auspicetur,
1473 3647 1533 3711 hee

483 3746 698 3826 membrum
710 3749 946 3830 ἀλογευομένων,
959 3749 1147 3813 varietatem
1163 3756 1289 3813 tantum
1304 3747 1450 3813 leetionis
1465 3770 1533 3813 οοοο

483 3872 523 3914 ex
547 3850 688 3934 margine
714 3851 886 3914 devectam.
933 3851 1028 3915 Oerto
1054 3850 1086 3913 id
1110 3850 1254 3915 nesciunt
1276 3851 1392 3914 Ρνιζςοο
1415 3851 1534 3915 Latina

491 3952 594 4014 Verrio
609 3974 648 4015 ex
664 3952 855 4017 bibliotheca
870 3953 907 4016 ol.
923 3952 947 4015 J
949 3952 1052 4016 entelli
1068 3954 1155 4016 edita
1169 3963 1202 4016 et
1219 3956 1252 4016 S.
1271 3953 1435 4017 Martinus
1451 3953 1532 4017 Bra·

483 4053 632 4130 carensis,
648 4054 702 4117 ubi
718 4077 823 4139 supra.
868 4057 1096 4119 Verumtamen
1116 4076 1219 4138 neque
1241 4055 1281 4118 de
1298 4054 1359 4118 hae
1381 4055 1552 4133 clausula,-

484 4176 585 4237 neque
601 4156 640 4218 de
655 4155 709 4220 illa
723 4158 787 4236 ἤτοι
798 4159 1013 4238 λεπρῶσαντας
1027 4157 1060 4220 in
1069 4157 1198 4221 Oenone
1213 4157 1356 4243 proxime
1370 4165 1533 4242 aequente,

485 4256 532 4318 ita
546 4278 606 4341 ego
621 4257 712 4321 velim
728 4268 878 4323 statuere.

530 4357 568 4419 P.
591 4378 660 4444 ¹23·
677 4359 699 4421 l.
716 4380 746 4443 5.
764 4361 944 4446 κατακόρως]
963 4362 1059 4426 MSS.
1071 4362 1346 4427 Amerbaohianue
1357 4369 1391 4426 et
1402 4361 1534 4427 AEtoni-
