4092 5150
473 424 518 486 88
773 418 1023 497 RELIQUIAE
1049 418 1228 483 SACRAE.

473 592 516 672 τὸ
529 589 617 672 εἰναι
630 592 695 672 ἰσα
706 596 802 699 θεῷ·
833 592 918 670 ἀλλ’
934 590 1059 671 ἑαιπδν
1070 590 1220 670 ε’κέυοισε
1232 587 1381 696 μορφὴν
1394 589 1518 670 δούλου

474 728 614 824 λαβών·
630 732 689 808 καί
702 727 863 832 σχήματι
874 728 1023 829 εὑρεθεὶς
1036 728 1086 808 ὦς
1098 725 1296 827 ἅνθραυτος,
1306 721 1434 804 ἑαυτὸν
1448 727 1519 804 ε’τα

473 867 647 944 πείνωσεν
657 865 722 947 ἕως
733 864 896 945 θανάτου·
909 859 1064 941 θανάτου
1074 860 1114 940 δὲ
1123 868 1294 964 σταυροῦ.
1309 857 1366 939 διδ
1378 862 1438 939 καί
1448 858 1519 962 ι’ζη-

474 998 660 1082 λώσαντες
677 997 723 1076 τὰ
736 995 877 1098 μείζονα
889 996 1100 1100 χαρίσματα
1113 992 1411 1099 οἰΧριστοφάροι
1428 991 1515 1096 μάρ-

474 1166 586 1234 τυρες,
597 1131 716 1210 πάντα
728 1131 794 1230 μὲν
805 1129 918 1210 πόνον
932 1136 991 1209 καί
1001 1131 1171 1214 παντοίας
1182 1134 1359 1227 αἰκισμῶν
1370 1131 1539 1212 ε’πιιιοίας5

475 1269 538 1347 οὐκ
556 1265 725 1374 εἰσάπαξ,
744 1269 828 1345 ἀλλ’
848 1268 916 1366 ἤδη
937 1268 996 1346 καί
1020 1264 1182 1369 δεύτερον
1205 1263 1295 1348 τινὲς
1320 1264 1516 1365 ὑπέμειναν·

474 1403 598 1487 πάσας
616 1401 654 1480 δέ
677 1400 827 1485 ἀπειλὰς
849 1403 891 1480 οὐ
915 1400 1040 1503 λόγοις
1061 1399 1183 1500 μόνον,
1201 1397 1302 1479 ἀλλὰ
1327 1403 1386 1480 καί
1410 1402 1519 1503 ἔργοις

475 1544 547 1616 τῶν
585 1535 795 1642 δορυφόρων
838 1537 913 1614 κατ’
952 1536 1069 1615 αὐτῶν
1106 1533 1426 1642 φιλοτιμουμένων,
1462 1538 1519 1616 οὐκ

475 1671 648 1748 ἐνεδίδουν
675 1668 741 1769 τὴν
768 1669 924 1770 γνώμην,
952 1666 1080 1748 διὰτὸ
1108 1667 1192 1768 ‘mlv
1212 1669 1352 1748 τελείαν
1380 1669 1520 1770 ἀγάπην

475 1805 546 1910 ἔξω
564 1803 718 1897 βάλλειν
740 1802 804 1883 τὸν
826 1803 955 1908 φόβον.
993 1801 1044 1883 ὧν
1069 1802 1278 1905 καταλέγειν
1302 1801 1369 1899 τὴν
1398 1802 1556 1907 ἀρειὴνιο

477 1943 535 2018 καί
552 1938 619 2038 τὴν
636 1942 695 2045 ἐφ’
714 1938 850 2044 ἑκάστῃ
867 1937 1021 2046 βασάνῳ
1039 1939 1212 2040 ἀνδρείαν,
1229 1939 1283 2021 τίς
1300 1935 1347 2017 ἂν
1365 1939 1518 2042 οἰρκέσειε

476 2073 612 2176 λόγος;
651 2072 805 2157 ἀνέσεως
825 2072 897 2176 γὰρ
924 2077 1035 2173 οὔσης
1060 2071 1176 2154 ἅπασι
1201 2081 1275 2157 τοῖς
1291 2076 1519 2174 βουλομείιοις

477 2208 729 2312 ἐνυβρίζειν,οἰ
754 2207 820 2308 μὲν
848 2209 972 2315 ξύλοις
1000 2208 1135 2289 ἔπαιον·
1166 2210 1276 2310 ἕτεροι
1298 2208 1337 2288 δὲ
1363 2208 1517 2313 ῥάβδοις·

477 2343 587 2422 ἄλλοι
605 2342 643 2422 δὲ
661 2342 842 2449 μάστιξιν·
871 2344 982 2445 ἕτεροι
1000 2344 1038 2422 δὲ
1056 2342 1168 2424 πάλιν
1185 2342 1321 2441 ἰμάσιν·
1352 2343 1464 2424 ἄλλοι
1486 2343 1519 2422 δέ

477 2479 659 2583 σχοινίοις.
681 2482 738 2557 καί
751 2475 796 2576 ἧν
807 2478 829 2576 ἡ
841 2477 905 2556 θέα
918 2484 991 2556 τῶν
1003 2484 1180 2579 αἰκισμῶν
1193 2481 1456 2582 ἐνηλλαγμένη,
1469 2483 1517 2558 καί
1526 2519 1534 2557 ι
1538 2513 1551 2576 5

477 2612 622 2712 πολλὴν
629 2611 695 2712 τὴν
704 2616 743 2690 ἐν
754 2614 843 2716 αὐτῇ
855 2614 979 2691 κακίαν
989 2613 1135 2717 ἔχουσα.
1152 2620 1185 2693 οἱ
1195 2614 1341 2716 μὲνγὰρ
1352 2614 1518 2695 ὀπίσωτίι

478 2755 571 2851 χεῖρε
584 2747 749 2843 δεθέντες,
761 2750 842 2850 περὶ
855 2746 897 2825 τὸ
909 2746 1023 2853 ξύλον
1034 2747 1243 2853 ἐξηρτῶντο,
1258 2750 1315 2826 καί
1327 2748 1517 2850 μαγγάνοις

480 2963 546 3002 ποια
579 2943 736 3001 arbitratus
767 2953 811 3000 est
843 2942 979 3000 Christus
1029 2943 1082 3000 tim
1119 2943 1294 3008 niterentur,
1330 2962 1390 3000 non
1429 2954 1519 3002 tamen

480 3044 585 3083 essese
597 3022 734 3099 aqualem
747 3023 831 3093 Dco;
854 3021 977 3080 sederi·
1029 3022 1113 3082 fracti
1148 3034 1217 3082 sunt
1246 3023 1353 3091 animo,
1381 3043 1418 3082 eo
1448 3020 1519 3101 quod

480 3105 593 3163 nunivit
612 3103 748 3181 seipsum,
764 3104 840 3161 servi
856 3103 978 3160 formam
1029 3104 1158 3181 perfecta
1171 3103 1275 3162 caritas
1293 3102 1372 3161 foras
1392 3104 1556 3181 ejicicbstao

480 3184 623 3243 induens:
646 3195 676 3241 ct
691 3183 786 3261 specie
801 3185 863 3262 ipsa
876 3183 977 3241 inven·
1029 3184 1173 3242 timorem.
1195 3182 1328 3254 Quorum
1341 3184 1481 3243 virtutem
1494 3194 1521 3242 ct

480 3277 528 3323 tus
543 3264 623 3341 quasi
639 3264 735 3331 homo,
751 3262 916 3321 humiliavit
934 3283 979 3321 se.
1029 3263 1060 3320 in
1072 3263 1194 3341 singulis
1208 3264 1362 3322 tormentis
1376 3265 1520 3323 fortitudi-

480 3346 636 3423 metipsum
659 3363 752 3420 usque
773 3344 810 3400 ad
833 3354 977 3412 mortem;
1029 3363 1106 3411 nem,
1122 3363 1187 3420 quoe
1206 3343 1322 3401 tandem
1344 3345 1441 3402 oratio
1460 3364 1521 3423 pos-

480 3424 636 3502 etquidem
647 3435 770 3481 mortem
780 3423 883 3481 crucis.
908 3423 978 3481 Pro·
1029 3424 1067 3482 sit
1081 3424 1273 3503 percensere?
1297 3424 1377 3502 Nam
1391 3444 1459 3482 cum
1478 3444 1524 3484 eos

480 3505 548 3563 inde
573 3503 694 3562 meliora
717 3504 888 3561 charismata
910 3524 979 3562 con·
1029 3504 1136 3581 injuria
1159 3505 1271 3562 afficere
1297 3505 1391 3562 cuivis
1415 3505 1524 3570 liceret,
1532 3519 1563 3578 ας

480 3596 624 3644 sectantes
645 3595 786 3662 martyres
807 3585 857 3661 qui
879 3584 977 3641 Chris·
1029 3582 1078 3641 alii
1107 3585 1244 3651 fustibus,
1271 3584 1319 3642 alii
1349 3584 1451 3663 virgis,
1478 3585 1525 3645 alii

480 3677 543 3723 tum
568 3664 731 3742 gestabant,
753 3684 853 3722 omnes
875 3684 978 3721 mrum·
1030 3663 1126 3742 flagris
1147 3685 1196 3723 eos
1221 3665 1411 3723 verberabant
1422 3688 1433 3737 ς
1462 3666 1527 3745 qni·

481 3766 542 3814 nas,
570 3744 667 3802 omnia
691 3754 901 3802 tormentorum
927 3763 978 3821 ge·
1030 3744 1095 3802 dam
1111 3744 1180 3802 loris
1192 3768 1200 3814 ς
1222 3744 1357 3802 nonnulli
1371 3746 1463 3805 etiam
1480 3747 1526 3805 fu·

481 3845 549 3883 nera
564 3845 629 3902 quae
645 3823 800 3900 excogitari
813 3836 977 3902 potuerant,
1029 3824 1115 3884 nibus
1129 3824 1285 3883 cadebant.
1329 3824 1463 3903 Eratque
1476 3828 1529 3886 bn·

481 3926 538 3962 non
559 3904 657 3969 semel,
673 3904 724 3962 sed
745 3905 850 3962 iterum
874 3925 906 3962 ac
928 3925 978 3962 sse·
1027 3905 1155 3980 jusmodi
1176 3904 1355 3963 cruciatuum
1376 3917 1571 4042 arciaca-30

481 3985 547 4063 pius
558 3983 689 4042 nonnulli
699 3985 912 4042 sustinuerunt.
937 3986 979 4043 Et
1030 3984 1090 4041 lum
1109 3986 1218 4043 varium
1239 3984 1373 4043 etmulti
1406 4007 1446 4044 ex
1467 3987 1529 4067 ple-

481 4083 546 4122 cum
566 4063 706 4122 satellites
723 4084 781 4121 non
803 4064 896 4123 solum
916 4086 979 4123 ver.
1031 4064 1294 4142 numquemalitiae.
1310 4006 1528 4135 Quilamenim

482 4144 525 4201 bis
544 4145 698 4211 minantes,
715 4143 767 4201 sed
785 4144 872 4202 etiam
895 4146 980 4203 factis
1031 4145 1146 4202 illorum
1169 4145 1302 4203 manibus
1323 4156 1390 4223 post
1411 4158 1527 4226 tergum

481 4234 620 4281 terrorem
642 4224 712 4301 ipsis
733 4224 864 4284 incutere
886 4238 977 4284 certa·
1030 4226 1168 4285 revinctis
1192 4225 1229 4282 ad
1251 4226 1381 4305 stipitem
1406 4247 1529 4308 suspen·

645 4379 658 4416 b
679 4391 687 4424 ι
703 4378 758 4426 (λυ.
771 4379 812 4425 xii.
827 4394 864 4440 3¹·
1137 4391 1150 4418 ⁰
1172 4395 1179 4427 ι
1196 4380 1269 4428 Joan.
1281 4381 1314 4427 iv·
1326 4380 1363 4429 18.
