<?xml version="1.0" encoding="UTF-8"?>
<!DOCTYPE html PUBLIC "-//W3C//DTD XHTML 1.0 Transitional//EN"
    "http://www.w3.org/TR/xhtml1/DTD/xhtml1-transitional.dtd">
<html xmlns="http://www.w3.org/1999/xhtml" xml:lang="en" lang="en">
 <head>
  <title>
</title>
<meta http-equiv="Content-Type" content="text/html;charset=utf-8" />
  <meta name='ocr-system' content='tesseract 3.04.00' />
  <meta name='ocr-capabilities' content='ocr_page ocr_carea ocr_par ocr_line ocrx_word'/>
</head>
<body>
  <div class='ocr_page' id='page_1' title='image "./reliquiaesacrae03routgoog_0109.png"; bbox 0 0 4092 5150; ppageno 0'>
   <div class='ocr_carea' id='block_1_1' title="bbox 900 419 1553 485">
    <p class='ocr_par' dir='ltr' id='par_1_1' title="bbox 900 419 1553 485">
     <span class='ocr_line' id='line_1_1' title="bbox 900 419 1553 485; baseline 0 -6"><span class='ocrx_word' id='word_1_1' title='bbox 900 419 933 481; x_wconf 90' lang='lat' dir='ltr'><strong>S.</strong></span> <span class='ocrx_word' id='word_1_2' title='bbox 953 419 1172 482; x_wconf 82' lang='lat' dir='ltr'><strong>l&#39;lllLEAS.</strong></span> <span class='ocrx_word' id='word_1_3' title='bbox 1510 419 1553 485; x_wconf 79' lang='lat'><strong>93</strong></span> 
     </span>
    </p>
   </div>
   <div class='ocr_carea' id='block_1_2' title="bbox 503 587 1554 786">
    <p class='ocr_par' dir='ltr' id='par_1_2' title="bbox 503 587 1554 786">
     <span class='ocr_line' id='line_1_2' title="bbox 503 587 1553 673; baseline -0.004 -17"><span class='ocrx_word' id='word_1_4' title='bbox 503 593 614 664; x_wconf 82' lang='lat' dir='ltr'><strong>batur,</strong></span> <span class='ocrx_word' id='word_1_5' title='bbox 640 594 828 673; x_wconf 81' lang='lat' dir='ltr'>oportuerat</span> <span class='ocrx_word' id='word_1_6' title='bbox 853 609 891 650; x_wconf 85' lang='lat' dir='ltr'><strong>ex</strong></span> <span class='ocrx_word' id='word_1_7' title='bbox 919 587 1035 672; x_wconf 92' lang='lat' dir='ltr'><strong>populo</strong></span> <span class='ocrx_word' id='word_1_8' title='bbox 1067 608 1248 673; x_wconf 86' lang='lat' dir='ltr'><strong>properare,</strong></span> <span class='ocrx_word' id='word_1_9' title='bbox 1275 610 1313 652; x_wconf 88' lang='lat' dir='ltr'><strong>ac</strong></span> <span class='ocrx_word' id='word_1_10' title='bbox 1343 611 1400 652; x_wconf 89' lang='lat' dir='ltr'><strong>nos</strong></span> <span class='ocrx_word' id='word_1_11' title='bbox 1427 589 1553 672; x_wconf 81' lang='lat' dir='ltr'><strong>exigere</strong></span> 
     </span>
     <span class='ocr_line' id='line_1_3' title="bbox 504 697 1554 786; baseline -0.001 -21"><span class='ocrx_word' id='word_1_12' title='bbox 504 701 631 765; x_wconf 81' lang='lat' dir='ltr'><strong>merito.</strong></span> <span class='ocrx_word' id='word_1_13' title='bbox 676 698 739 762; x_wconf 88' lang='lat' dir='ltr'><strong>Sed</strong></span> <span class='ocrx_word' id='word_1_14' title='bbox 754 697 897 762; x_wconf 77' lang='lat' dir='ltr'><strong>sciebant</strong></span> <span class='ocrx_word' id='word_1_15' title='bbox 917 721 951 762; x_wconf 91' lang='lat' dir='ltr'><strong>se</strong></span> <span class='ocrx_word' id='word_1_16' title='bbox 972 698 1187 762; x_wconf 88' lang='lat' dir='ltr'><strong>ministromm</strong></span> <span class='ocrx_word' id='word_1_17' title='bbox 1208 722 1270 763; x_wconf 90' lang='lat' dir='ltr'><strong>non</strong></span> <span class='ocrx_word' id='word_1_18' title='bbox 1292 722 1359 764; x_wconf 88' lang='lat' dir='ltr'><strong>esse</strong></span> <span class='ocrx_word' id='word_1_19' title='bbox 1379 723 1504 786; x_wconf 82' lang='lat' dir='ltr'><strong>egenos,</strong></span> <span class='ocrx_word' id='word_1_20' title='bbox 1520 710 1554 765; x_wconf 91' lang='lat' dir='ltr'><strong>et</strong></span> 
     </span>
    </p>
   </div>
   <div class='ocr_carea' id='block_1_3' title="bbox 454 812 1559 4001">
    <p class='ocr_par' dir='ltr' id='par_1_3' title="bbox 454 812 1559 4001">
     <span class='ocr_line' id='line_1_4' title="bbox 505 812 1553 897; baseline -0.001 -20"><span class='ocrx_word' id='word_1_21' title='bbox 505 814 579 877; x_wconf 91' lang='lat' dir='ltr'><strong>ideo</strong></span> <span class='ocrx_word' id='word_1_22' title='bbox 590 813 633 876; x_wconf 90' lang='lat' dir='ltr'><strong>ad</strong></span> <span class='ocrx_word' id='word_1_23' title='bbox 644 813 702 874; x_wconf 92' lang='lat' dir='ltr'><strong>hos</strong></span> <span class='ocrx_word' id='word_1_24' title='bbox 713 812 868 896; x_wconf 87' lang='lat' dir='ltr'><strong>petendos</strong></span> <span class='ocrx_word' id='word_1_25' title='bbox 883 833 945 874; x_wconf 89' lang='lat' dir='ltr'><strong>non</strong></span> <span class='ocrx_word' id='word_1_26' title='bbox 956 820 1176 896; x_wconf 87' lang='lat' dir='ltr'><strong>pervenerunt.</strong></span> <span class='ocrx_word' id='word_1_27' title='bbox 1213 812 1373 888; x_wconf 78' lang='lat' dir='ltr'><strong>Sciebant,</strong></span> <span class='ocrx_word' id='word_1_28' title='bbox 1390 814 1475 897; x_wconf 94' lang='lat' dir='ltr'><strong>quod</strong></span> <span class='ocrx_word' id='word_1_29' title='bbox 1487 835 1553 876; x_wconf 92' lang='lat' dir='ltr'><strong>mo·</strong></span> 
     </span>
     <span class='ocr_line' id='line_1_5' title="bbox 505 922 1554 1007; baseline 0.002 -21"><span class='ocrx_word' id='word_1_30' title='bbox 505 932 620 987; x_wconf 79' lang='lat' dir='ltr'><strong>nentes</strong></span> <span class='ocrx_word' id='word_1_31' title='bbox 631 945 685 986; x_wconf 88' lang='lat' dir='ltr'><strong>eos</strong></span> <span class='ocrx_word' id='word_1_32' title='bbox 696 922 738 985; x_wconf 91' lang='lat' dir='ltr'><strong>ab</strong></span> <span class='ocrx_word' id='word_1_33' title='bbox 746 926 813 1005; x_wconf 74' lang='lat' dir='ltr'><strong>(tor.</strong></span> <span class='ocrx_word' id='word_1_34' title='bbox 821 922 877 1001; x_wconf 79' lang='lat' dir='ltr'><strong>(le)</strong></span> <span class='ocrx_word' id='word_1_35' title='bbox 888 922 947 986; x_wconf 89' lang='lat' dir='ltr'><strong>hac</strong></span> <span class='ocrx_word' id='word_1_36' title='bbox 959 923 1161 1007; x_wconf 84' lang='lat' dir='ltr'><strong>inquisitione</strong></span> <span class='ocrx_word' id='word_1_37' title='bbox 1173 932 1230 987; x_wconf 88' lang='lat' dir='ltr'><strong>aut</strong></span> <span class='ocrx_word' id='word_1_38' title='bbox 1240 924 1487 1000; x_wconf 82' lang='lat' dir='ltr'><strong>dimittebanrus,</strong></span> <span class='ocrx_word' id='word_1_39' title='bbox 1497 932 1554 988; x_wconf 87' lang='lat' dir='ltr'><strong>aut</strong></span> 
     </span>
     <span class='ocr_line' id='line_1_6' title="bbox 506 1032 1555 1117; baseline 0 -19"><span class='ocrx_word' id='word_1_40' title='bbox 506 1057 579 1098; x_wconf 90' lang='lat' dir='ltr'><strong>cum</strong></span> <span class='ocrx_word' id='word_1_41' title='bbox 596 1034 680 1096; x_wconf 91' lang='lat' dir='ltr'><strong>omui</strong></span> <span class='ocrx_word' id='word_1_42' title='bbox 693 1032 938 1117; x_wconf 77' lang='lat' dir='ltr'><strong>scrupulositate</strong></span> <span class='ocrx_word' id='word_1_43' title='bbox 948 1032 1058 1109; x_wconf 86' lang='lat' dir='ltr'><strong>fiebat,</strong></span> <span class='ocrx_word' id='word_1_44' title='bbox 1070 1035 1154 1117; x_wconf 89' lang='lat' dir='ltr'><strong>quod</strong></span> <span class='ocrx_word' id='word_1_45' title='bbox 1167 1033 1244 1097; x_wconf 92' lang='lat' dir='ltr'><strong>utile</strong></span> <span class='ocrx_word' id='word_1_46' title='bbox 1256 1034 1442 1110; x_wconf 85' lang='lat' dir='ltr'><strong>videbatur;</strong></span> <span class='ocrx_word' id='word_1_47' title='bbox 1458 1034 1555 1098; x_wconf 85' lang='lat' dir='ltr'><strong>fiebat</strong></span> 
     </span>
     <span class='ocr_line' id='line_1_7' title="bbox 477 1143 1556 1229; baseline -0.001 -20"><span class='ocrx_word' id='word_1_48' title='bbox 477 1146 593 1223; x_wconf 74' lang='lat' dir='ltr'><strong>sanim</strong></span> <span class='ocrx_word' id='word_1_49' title='bbox 622 1145 681 1208; x_wconf 87' lang='lat' dir='ltr'><strong>sub</strong></span> <span class='ocrx_word' id='word_1_50' title='bbox 706 1151 872 1229; x_wconf 82' lang='lat' dir='ltr'><strong>arguente,</strong></span> <span class='ocrx_word' id='word_1_51' title='bbox 897 1160 930 1207; x_wconf 86' lang='lat' dir='ltr'><strong>et</strong></span> <span class='ocrx_word' id='word_1_52' title='bbox 954 1144 986 1206; x_wconf 94' lang='lat' dir='ltr'><strong>iu</strong></span> <span class='ocrx_word' id='word_1_53' title='bbox 1016 1144 1162 1207; x_wconf 88' lang='lat' dir='ltr'><strong>manibus</strong></span> <span class='ocrx_word' id='word_1_54' title='bbox 1191 1143 1351 1229; x_wconf 78' lang='lat' dir='ltr'><strong>probitate</strong></span> <span class='ocrx_word' id='word_1_55' title='bbox 1381 1144 1556 1208; x_wconf 87' lang='lat' dir='ltr'><strong>constituta</strong></span> 
     </span>
     <span class='ocr_line' id='line_1_8' title="bbox 505 1255 1554 1341; baseline -0.003 -20"><span class='ocrx_word' id='word_1_56' title='bbox 505 1256 720 1341; x_wconf 71' lang='lat' dir='ltr'><strong>cogitabatur.</strong></span> <span class='ocrx_word' id='word_1_57' title='bbox 752 1256 800 1320; x_wconf 81' lang='lat' dir='ltr'><strong>Tu</strong></span> <span class='ocrx_word' id='word_1_58' title='bbox 817 1263 925 1319; x_wconf 90' lang='lat' dir='ltr'><strong>autem</strong></span> <span class='ocrx_word' id='word_1_59' title='bbox 937 1265 1003 1320; x_wconf 88' lang='lat' dir='ltr'><strong>tam</strong></span> <span class='ocrx_word' id='word_1_60' title='bbox 1018 1255 1124 1320; x_wconf 87' lang='lat' dir='ltr'><strong>viliter</strong></span> <span class='ocrx_word' id='word_1_61' title='bbox 1139 1257 1200 1339; x_wconf 88' lang='lat' dir='ltr'><strong>(for</strong></span> <span class='ocrx_word' id='word_1_62' title='bbox 1223 1255 1389 1332; x_wconf 85' lang='lat' dir='ltr'><strong>inutiliter,</strong></span> <span class='ocrx_word' id='word_1_63' title='bbox 1404 1259 1462 1319; x_wconf 86' lang='lat' dir='ltr'><strong>vid.</strong></span> <span class='ocrx_word' id='word_1_64' title='bbox 1479 1258 1554 1333; x_wconf 88' lang='lat' dir='ltr'><strong>not.)</strong></span> 
     </span>
     <span class='ocr_line' id='line_1_9' title="bbox 506 1366 1554 1454; baseline -0.003 -22"><span class='ocrx_word' id='word_1_65' title='bbox 506 1368 719 1454; x_wconf 84' lang='lat' dir='ltr'><strong>quorumdam</strong></span> <span class='ocrx_word' id='word_1_66' title='bbox 735 1367 939 1430; x_wconf 90' lang='lat' dir='ltr'><strong>considerans</strong></span> <span class='ocrx_word' id='word_1_67' title='bbox 958 1366 1160 1451; x_wconf 87' lang='lat' dir='ltr'><strong>deceptiones</strong></span> <span class='ocrx_word' id='word_1_68' title='bbox 1183 1374 1215 1431; x_wconf 92' lang='lat' dir='ltr'><strong>et</strong></span> <span class='ocrx_word' id='word_1_69' title='bbox 1238 1366 1345 1430; x_wconf 89' lang='lat' dir='ltr'><strong>inania</strong></span> <span class='ocrx_word' id='word_1_70' title='bbox 1359 1367 1466 1444; x_wconf 86' lang='lat' dir='ltr'><strong>verba,</strong></span> <span class='ocrx_word' id='word_1_71' title='bbox 1482 1367 1554 1430; x_wconf 90' lang='lat' dir='ltr'><strong>sub·</strong></span> 
     </span>
     <span class='ocr_line' id='line_1_10' title="bbox 506 1476 1556 1562; baseline -0.002 -20"><span class='ocrx_word' id='word_1_72' title='bbox 506 1486 619 1562; x_wconf 79' lang='lat' dir='ltr'><strong>raptus</strong></span> <span class='ocrx_word' id='word_1_73' title='bbox 633 1479 676 1540; x_wconf 91' lang='lat' dir='ltr'><strong>ad</strong></span> <span class='ocrx_word' id='word_1_74' title='bbox 691 1477 907 1541; x_wconf 86' lang='lat' dir='ltr'><strong>ordinationes</strong></span> <span class='ocrx_word' id='word_1_75' title='bbox 925 1476 1108 1560; x_wconf 87' lang='lat' dir='ltr'><strong>prosiluisti.</strong></span> <span class='ocrx_word' id='word_1_76' title='bbox 1156 1476 1189 1539; x_wconf 91' lang='lat' dir='ltr'><strong>Si</strong></span> <span class='ocrx_word' id='word_1_77' title='bbox 1210 1476 1294 1540; x_wconf 89' lang='lat' dir='ltr'><strong>enim</strong></span> <span class='ocrx_word' id='word_1_78' title='bbox 1314 1477 1556 1562; x_wconf 87' lang='lat' dir='ltr'><strong>adstringebaut</strong></span> 
     </span>
     <span class='ocr_line' id='line_1_11' title="bbox 503 1587 1555 1673; baseline -0.003 -20"><span class='ocrx_word' id='word_1_79' title='bbox 503 1589 750 1653; x_wconf 74' lang='lat' dir='ltr'><strong>circumstantes</strong></span> <span class='ocrx_word' id='word_1_80' title='bbox 783 1597 827 1665; x_wconf 91' lang='lat' dir='ltr'><strong>te,</strong></span> <span class='ocrx_word' id='word_1_81' title='bbox 856 1595 890 1652; x_wconf 90' lang='lat' dir='ltr'><strong>et</strong></span> <span class='ocrx_word' id='word_1_82' title='bbox 919 1588 1160 1673; x_wconf 87' lang='lat' dir='ltr'><strong>compellebant,</strong></span> <span class='ocrx_word' id='word_1_83' title='bbox 1191 1588 1374 1672; x_wconf 83' lang='lat' dir='ltr'><strong>ignorantes</strong></span> <span class='ocrx_word' id='word_1_84' title='bbox 1414 1587 1555 1651; x_wconf 88' lang='lat' dir='ltr'><strong>ordinem</strong></span> 
     </span>
     <span class='ocr_line' id='line_1_12' title="bbox 459 1700 1556 1785; baseline 0 -21"><span class='ocrx_word' id='word_1_85' title='bbox 459 1700 764 1774; x_wconf 74' lang='lat' dir='ltr'><strong>roeoclesiascicum,</strong></span> <span class='ocrx_word' id='word_1_86' title='bbox 790 1707 978 1782; x_wconf 84' lang='lat' dir='ltr'><strong>oportuerat</strong></span> <span class='ocrx_word' id='word_1_87' title='bbox 1010 1708 1044 1764; x_wconf 88' lang='lat' dir='ltr'><strong>te</strong></span> <span class='ocrx_word' id='word_1_88' title='bbox 1074 1709 1257 1785; x_wconf 85' lang='lat' dir='ltr'><strong>sequentem</strong></span> <span class='ocrx_word' id='word_1_89' title='bbox 1288 1701 1429 1785; x_wconf 85' lang='lat' dir='ltr'><strong>regulam</strong></span> <span class='ocrx_word' id='word_1_90' title='bbox 1457 1700 1556 1764; x_wconf 89' lang='lat' dir='ltr'><strong>literis</strong></span> 
     </span>
     <span class='ocr_line' id='line_1_13' title="bbox 506 1811 1556 1896; baseline -0.001 -20"><span class='ocrx_word' id='word_1_91' title='bbox 506 1835 568 1876; x_wconf 87' lang='lat' dir='ltr'><strong>uos</strong></span> <span class='ocrx_word' id='word_1_92' title='bbox 604 1812 746 1887; x_wconf 85' lang='lat' dir='ltr'><strong>edocere,</strong></span> <span class='ocrx_word' id='word_1_93' title='bbox 782 1820 816 1875; x_wconf 91' lang='lat' dir='ltr'><strong>et</strong></span> <span class='ocrx_word' id='word_1_94' title='bbox 855 1811 914 1888; x_wconf 90' lang='lat' dir='ltr'><strong>ita,</strong></span> <span class='ocrx_word' id='word_1_95' title='bbox 956 1812 1041 1895; x_wconf 94' lang='lat' dir='ltr'><strong>quod</strong></span> <span class='ocrx_word' id='word_1_96' title='bbox 1070 1811 1219 1896; x_wconf 87' lang='lat' dir='ltr'><strong>expedire</strong></span> <span class='ocrx_word' id='word_1_97' title='bbox 1256 1811 1423 1875; x_wconf 90' lang='lat' dir='ltr'><strong>videbatur</strong></span> <span class='ocrx_word' id='word_1_98' title='bbox 1459 1811 1556 1875; x_wconf 87' lang='lat' dir='ltr'><strong>fiebat</strong></span> 
     </span>
     <span class='ocr_line' id='line_1_14' title="bbox 509 1922 1556 2006; baseline -0.006 -16"><span class='ocrx_word' id='word_1_99' title='bbox 509 1931 582 2006; x_wconf 80' lang='lat' dir='ltr'><strong>(tor.</strong></span> <span class='ocrx_word' id='word_1_100' title='bbox 603 1923 706 1997; x_wconf 89' lang='lat' dir='ltr'><strong>ficret,</strong></span> <span class='ocrx_word' id='word_1_101' title='bbox 722 1928 776 1988; x_wconf 87' lang='lat' dir='ltr'><strong>vel,</strong></span> <span class='ocrx_word' id='word_1_102' title='bbox 796 1922 889 2004; x_wconf 86' lang='lat' dir='ltr'><strong>fieri).</strong></span> <span class='ocrx_word' id='word_1_103' title='bbox 931 1922 964 1986; x_wconf 91' lang='lat' dir='ltr'><strong>Si</strong></span> <span class='ocrx_word' id='word_1_104' title='bbox 987 1922 1070 1986; x_wconf 84' lang='lat' dir='ltr'><strong>forte</strong></span> <span class='ocrx_word' id='word_1_105' title='bbox 1090 1922 1219 2006; x_wconf 89' lang='lat' dir='ltr'><strong>quidam</strong></span> <span class='ocrx_word' id='word_1_106' title='bbox 1242 1923 1476 2005; x_wconf 73' lang='lat' dir='ltr'><strong>persuadebant</strong></span> <span class='ocrx_word' id='word_1_107' title='bbox 1497 1922 1556 1986; x_wconf 83' lang='lat' dir='ltr'><strong>tibi</strong></span> 
     </span>
     <span class='ocr_line' id='line_1_15' title="bbox 507 2032 1557 2118; baseline 0 -21"><span class='ocrx_word' id='word_1_108' title='bbox 507 2035 660 2109; x_wconf 78' lang='lat' dir='ltr'><strong>dicentes,</strong></span> <span class='ocrx_word' id='word_1_109' title='bbox 685 2033 726 2096; x_wconf 92' lang='lat' dir='ltr'><strong>de</strong></span> <span class='ocrx_word' id='word_1_110' title='bbox 748 2032 839 2097; x_wconf 92' lang='lat' dir='ltr'><strong>nobis</strong></span> <span class='ocrx_word' id='word_1_111' title='bbox 861 2032 955 2096; x_wconf 88' lang='lat' dir='ltr'><strong>finem</strong></span> <span class='ocrx_word' id='word_1_112' title='bbox 977 2054 1046 2096; x_wconf 87' lang='lat' dir='ltr'><strong>esse</strong></span> <span class='ocrx_word' id='word_1_113' title='bbox 1068 2032 1207 2105; x_wconf 64' lang='lat' dir='ltr'><strong>factunm</strong></span> <span class='ocrx_word' id='word_1_114' title='bbox 1233 2033 1318 2116; x_wconf 88' lang='lat' dir='ltr'><strong>quod</strong></span> <span class='ocrx_word' id='word_1_115' title='bbox 1341 2054 1397 2096; x_wconf 91' lang='lat' dir='ltr'><strong>nec</strong></span> <span class='ocrx_word' id='word_1_116' title='bbox 1417 2032 1476 2096; x_wconf 92' lang='lat' dir='ltr'><strong>tibi</strong></span> <span class='ocrx_word' id='word_1_117' title='bbox 1497 2033 1557 2118; x_wconf 87' lang='lat' dir='ltr'><strong>ipsi</strong></span> 
     </span>
     <span class='ocr_line' id='line_1_16' title="bbox 507 2145 1556 2229; baseline -0.002 -19"><span class='ocrx_word' id='word_1_118' title='bbox 507 2157 581 2210; x_wconf 87' lang='lat' dir='ltr'><strong>erat</strong></span> <span class='ocrx_word' id='word_1_119' title='bbox 596 2147 748 2229; x_wconf 86' lang='lat' dir='ltr'><strong>ignotum,</strong></span> <span class='ocrx_word' id='word_1_120' title='bbox 759 2145 844 2228; x_wconf 93' lang='lat' dir='ltr'><strong>quod</strong></span> <span class='ocrx_word' id='word_1_121' title='bbox 854 2153 960 2210; x_wconf 88' lang='lat' dir='ltr'><strong>essent</strong></span> <span class='ocrx_word' id='word_1_122' title='bbox 975 2145 1067 2208; x_wconf 89' lang='lat' dir='ltr'><strong>multi</strong></span> <span class='ocrx_word' id='word_1_123' title='bbox 1076 2153 1188 2209; x_wconf 87' lang='lat' dir='ltr'><strong>euntes</strong></span> <span class='ocrx_word' id='word_1_124' title='bbox 1203 2157 1234 2207; x_wconf 85' lang='lat' dir='ltr'><strong>et</strong></span> <span class='ocrx_word' id='word_1_125' title='bbox 1249 2146 1417 2209; x_wconf 89' lang='lat' dir='ltr'><strong>redeuntes</strong></span> <span class='ocrx_word' id='word_1_126' title='bbox 1432 2147 1473 2209; x_wconf 89' lang='lat' dir='ltr'><strong>ad</strong></span> <span class='ocrx_word' id='word_1_127' title='bbox 1489 2168 1556 2221; x_wconf 88' lang='lat' dir='ltr'><strong>nos,</strong></span> 
     </span>
     <span class='ocr_line' id='line_1_17' title="bbox 466 2254 1558 2346; baseline 0.002 -26"><span class='ocrx_word' id='word_1_128' title='bbox 466 2290 475 2327; x_wconf 64' lang='grc' dir='ltr'><strong><em>ι</em></strong></span> <span class='ocrx_word' id='word_1_129' title='bbox 481 2290 497 2346; x_wconf 81' lang='lat'>5</span> <span class='ocrx_word' id='word_1_130' title='bbox 508 2258 562 2342; x_wconf 92' lang='lat' dir='ltr'><strong>qui</strong></span> <span class='ocrx_word' id='word_1_131' title='bbox 578 2264 730 2342; x_wconf 85' lang='lat' dir='ltr'><strong>poterant</strong></span> <span class='ocrx_word' id='word_1_132' title='bbox 744 2256 892 2327; x_wconf 86' lang='lat' dir='ltr'><strong>visitare;</strong></span> <span class='ocrx_word' id='word_1_133' title='bbox 916 2254 976 2319; x_wconf 90' lang='lat' dir='ltr'><strong>etsi</strong></span> <span class='ocrx_word' id='word_1_134' title='bbox 992 2255 1053 2318; x_wconf 89' lang='lat' dir='ltr'><strong>hoc</strong></span> <span class='ocrx_word' id='word_1_135' title='bbox 1067 2255 1188 2331; x_wconf 86' lang='lat' dir='ltr'><strong>luisset,</strong></span> <span class='ocrx_word' id='word_1_136' title='bbox 1200 2257 1370 2340; x_wconf 83' lang='lat' dir='ltr'><strong>oportebat</strong></span> <span class='ocrx_word' id='word_1_137' title='bbox 1381 2266 1414 2321; x_wconf 90' lang='lat' dir='ltr'><strong>te</strong></span> <span class='ocrx_word' id='word_1_138' title='bbox 1428 2257 1558 2343; x_wconf 82' lang='lat' dir='ltr'><strong>majoris</strong></span> 
     </span>
     <span class='ocr_line' id='line_1_18' title="bbox 507 2365 1555 2453; baseline -0.002 -23"><span class='ocrx_word' id='word_1_139' title='bbox 507 2367 612 2453; x_wconf 85' lang='lat' dir='ltr'><strong>patris</strong></span> <span class='ocrx_word' id='word_1_140' title='bbox 628 2373 798 2450; x_wconf 85' lang='lat' dir='ltr'><strong>expectare</strong></span> <span class='ocrx_word' id='word_1_141' title='bbox 810 2365 962 2450; x_wconf 88' lang='lat' dir='ltr'><strong>judicium</strong></span> <span class='ocrx_word' id='word_1_142' title='bbox 978 2375 1011 2430; x_wconf 88' lang='lat' dir='ltr'><strong>et</strong></span> <span class='ocrx_word' id='word_1_143' title='bbox 1032 2365 1126 2451; x_wconf 89' lang='lat' dir='ltr'><strong>hujus</strong></span> <span class='ocrx_word' id='word_1_144' title='bbox 1146 2366 1190 2429; x_wconf 89' lang='lat' dir='ltr'><strong>rei</strong></span> <span class='ocrx_word' id='word_1_145' title='bbox 1208 2366 1455 2450; x_wconf 86' lang='lat' dir='ltr'><strong>permissionem.</strong></span> <span class='ocrx_word' id='word_1_146' title='bbox 1494 2367 1555 2430; x_wconf 88' lang='lat' dir='ltr'><strong>Sed</strong></span> 
     </span>
     <span class='ocr_line' id='line_1_19' title="bbox 507 2475 1557 2562; baseline -0.001 -22"><span class='ocrx_word' id='word_1_147' title='bbox 507 2477 623 2540; x_wconf 86' lang='lat' dir='ltr'><strong>horum</strong></span> <span class='ocrx_word' id='word_1_148' title='bbox 644 2475 720 2538; x_wconf 93' lang='lat' dir='ltr'><strong>nihil</strong></span> <span class='ocrx_word' id='word_1_149' title='bbox 736 2475 890 2560; x_wconf 86' lang='lat' dir='ltr'><strong>cogitans,</strong></span> <span class='ocrx_word' id='word_1_150' title='bbox 906 2485 939 2539; x_wconf 91' lang='lat' dir='ltr'><strong>et</strong></span> <span class='ocrx_word' id='word_1_151' title='bbox 959 2476 1045 2539; x_wconf 87' lang='lat' dir='ltr'><strong>alind</strong></span> <span class='ocrx_word' id='word_1_152' title='bbox 1067 2498 1209 2560; x_wconf 89' lang='lat' dir='ltr'><strong>sperans,</strong></span> <span class='ocrx_word' id='word_1_153' title='bbox 1226 2477 1321 2539; x_wconf 93' lang='lat' dir='ltr'><strong>immo</strong></span> <span class='ocrx_word' id='word_1_154' title='bbox 1341 2478 1441 2562; x_wconf 83' lang='lat' dir='ltr'><strong>magis</strong></span> <span class='ocrx_word' id='word_1_155' title='bbox 1456 2477 1557 2541; x_wconf 86' lang='lat' dir='ltr'><strong>nostri</strong></span> 
     </span>
     <span class='ocr_line' id='line_1_20' title="bbox 508 2588 1555 2673; baseline -0.001 -20"><span class='ocrx_word' id='word_1_156' title='bbox 508 2610 619 2653; x_wconf 87' lang='lat' dir='ltr'><strong>curam</strong></span> <span class='ocrx_word' id='word_1_157' title='bbox 633 2609 697 2650; x_wconf 93' lang='lat' dir='ltr'><strong>non</strong></span> <span class='ocrx_word' id='word_1_158' title='bbox 717 2609 841 2672; x_wconf 82' lang='lat' dir='ltr'><strong>gerens,</strong></span> <span class='ocrx_word' id='word_1_159' title='bbox 858 2588 1047 2672; x_wconf 72' lang='lat' dir='ltr'><strong>praepositos</strong></span> <span class='ocrx_word' id='word_1_160' title='bbox 1062 2590 1215 2672; x_wconf 90' lang='lat' dir='ltr'><strong>quosdam</strong></span> <span class='ocrx_word' id='word_1_161' title='bbox 1235 2589 1351 2673; x_wconf 91' lang='lat' dir='ltr'><strong>populo</strong></span> <span class='ocrx_word' id='word_1_162' title='bbox 1371 2589 1555 2673; x_wconf 86' lang='lat' dir='ltr'><strong>providisti;</strong></span> 
     </span>
     <span class='ocr_line' id='line_1_21' title="bbox 508 2699 1555 2784; baseline -0.003 -19"><span class='ocrx_word' id='word_1_163' title='bbox 508 2722 584 2765; x_wconf 91' lang='lat' dir='ltr'><strong>nam</strong></span> <span class='ocrx_word' id='word_1_164' title='bbox 603 2700 672 2784; x_wconf 91' lang='lat' dir='ltr'><strong>jam</strong></span> <span class='ocrx_word' id='word_1_165' title='bbox 688 2700 890 2784; x_wconf 87' lang='lat' dir='ltr'><strong>cognovimus</strong></span> <span class='ocrx_word' id='word_1_166' title='bbox 912 2709 946 2764; x_wconf 89' lang='lat' dir='ltr'><strong>et</strong></span> <span class='ocrx_word' id='word_1_167' title='bbox 961 2699 1135 2765; x_wconf 85' lang='lat' dir='ltr'><strong>chrismata</strong></span> <span class='ocrx_word' id='word_1_168' title='bbox 1151 2706 1221 2784; x_wconf 83' lang='lat' dir='ltr'><strong>(for.</strong></span> <span class='ocrx_word' id='word_1_169' title='bbox 1237 2702 1421 2777; x_wconf 84' lang='lat' dir='ltr'><strong>schismata,</strong></span> <span class='ocrx_word' id='word_1_170' title='bbox 1437 2708 1555 2781; x_wconf 83' lang='lat' dir='ltr'><strong>Maffei)</strong></span> 
     </span>
     <span class='ocr_line' id='line_1_22' title="bbox 468 2809 1512 2895; baseline -0.002 -16"><span class='ocrx_word' id='word_1_171' title='bbox 468 2812 615 2888; x_wconf 77' lang='lat' dir='ltr'><strong>soluisse,</strong></span> <span class='ocrx_word' id='word_1_172' title='bbox 633 2811 718 2895; x_wconf 93' lang='lat' dir='ltr'><strong>quod</strong></span> <span class='ocrx_word' id='word_1_173' title='bbox 732 2809 840 2873; x_wconf 90' lang='lat' dir='ltr'><strong>multis</strong></span> <span class='ocrx_word' id='word_1_174' title='bbox 855 2818 912 2874; x_wconf 90' lang='lat' dir='ltr'><strong>tua</strong></span> <span class='ocrx_word' id='word_1_175' title='bbox 927 2809 1086 2895; x_wconf 87' lang='lat' dir='ltr'><strong>displicuit</strong></span> <span class='ocrx_word' id='word_1_176' title='bbox 1101 2811 1332 2876; x_wconf 87' lang='lat' dir='ltr'><strong>inrationabilis</strong></span> <span class='ocrx_word' id='word_1_177' title='bbox 1347 2813 1512 2878; x_wconf 86' lang='lat' dir='ltr'><strong>ordinatio.</strong></span> 
     </span>
     <span class='ocr_line' id='line_1_23' title="bbox 553 2921 1556 3007; baseline 0.004 -22"><span class='ocrx_word' id='word_1_178' title='bbox 553 2923 606 2986; x_wconf 85' lang='lat' dir='ltr'><strong>Ad</strong></span> <span class='ocrx_word' id='word_1_179' title='bbox 634 2922 703 2986; x_wconf 86' lang='lat' dir='ltr'><strong>haec</strong></span> <span class='ocrx_word' id='word_1_180' title='bbox 729 2944 786 2985; x_wconf 87' lang='lat' dir='ltr'><strong>nco</strong></span> <span class='ocrx_word' id='word_1_181' title='bbox 808 2921 981 2985; x_wconf 85' lang='lat' dir='ltr'><strong>beatissimi</strong></span> <span class='ocrx_word' id='word_1_182' title='bbox 1005 2923 1175 3007; x_wconf 89' lang='lat' dir='ltr'><strong>provisoris</strong></span> <span class='ocrx_word' id='word_1_183' title='bbox 1198 2933 1231 2988; x_wconf 91' lang='lat' dir='ltr'><strong>et</strong></span> <span class='ocrx_word' id='word_1_184' title='bbox 1258 2924 1360 2989; x_wconf 88' lang='lat' dir='ltr'><strong>induti</strong></span> <span class='ocrx_word' id='word_1_185' title='bbox 1385 2925 1556 3005; x_wconf 74' lang='lat' dir='ltr'><strong>Christum,</strong></span> 
     </span>
     <span class='ocr_line' id='line_1_24' title="bbox 510 3033 1558 3117; baseline 0.007 -20"><span class='ocrx_word' id='word_1_186' title='bbox 510 3033 651 3097; x_wconf 90' lang='lat' dir='ltr'><strong>omnium</strong></span> <span class='ocrx_word' id='word_1_187' title='bbox 674 3041 817 3096; x_wconf 89' lang='lat' dir='ltr'><strong>nostrum</strong></span> <span class='ocrx_word' id='word_1_188' title='bbox 840 3033 985 3117; x_wconf 88' lang='lat' dir='ltr'><strong>apostoli,</strong></span> <span class='ocrx_word' id='word_1_189' title='bbox 1006 3034 1096 3097; x_wconf 92' lang='lat' dir='ltr'><strong>Pauli</strong></span> <span class='ocrx_word' id='word_1_190' title='bbox 1112 3035 1242 3097; x_wconf 89' lang='lat' dir='ltr'><strong>verbum</strong></span> <span class='ocrx_word' id='word_1_191' title='bbox 1262 3037 1362 3100; x_wconf 87' lang='lat' dir='ltr'><strong>suasit</strong></span> <span class='ocrx_word' id='word_1_192' title='bbox 1382 3040 1508 3115; x_wconf 89' lang='lat' dir='ltr'><strong>morari,</strong></span> <span class='ocrx_word' id='word_1_193' title='bbox 1525 3050 1558 3105; x_wconf 90' lang='lat' dir='ltr'><strong>ot</strong></span> 
     </span>
     <span class='ocr_line' id='line_1_25' title="bbox 511 3142 1558 3232; baseline 0.007 -26"><span class='ocrx_word' id='word_1_194' title='bbox 511 3142 710 3228; x_wconf 86' lang='lat' dir='ltr'><strong>propositum</strong></span> <span class='ocrx_word' id='word_1_195' title='bbox 724 3142 814 3205; x_wconf 84' lang='lat' dir='ltr'><strong>facile</strong></span> <span class='ocrx_word' id='word_1_196' title='bbox 836 3144 1008 3215; x_wconf 85' lang='lat' dir='ltr'><strong>continere,</strong></span> <span class='ocrx_word' id='word_1_197' title='bbox 1027 3145 1080 3227; x_wconf 94' lang='lat' dir='ltr'><strong>qui</strong></span> <span class='ocrx_word' id='word_1_198' title='bbox 1101 3146 1241 3210; x_wconf 86' lang='lat' dir='ltr'><strong>scribens</strong></span> <span class='ocrx_word' id='word_1_199' title='bbox 1260 3149 1479 3232; x_wconf 86' lang='lat' dir='ltr'><strong>acceptissimo</strong></span> <span class='ocrx_word' id='word_1_200' title='bbox 1494 3150 1558 3214; x_wconf 89' lang='lat' dir='ltr'><strong>filio</strong></span> 
     </span>
     <span class='ocr_line' id='line_1_26' title="bbox 511 3252 1558 3341; baseline 0.008 -25"><span class='ocrx_word' id='word_1_201' title='bbox 511 3253 681 3316; x_wconf 87' lang='lat' dir='ltr'><strong>Timotheo</strong></span> <span class='ocrx_word' id='word_1_202' title='bbox 699 3252 786 3328; x_wconf 89' lang='lat' dir='ltr'><strong>dicit,</strong></span> <span class='ocrx_word' id='word_1_203' title='bbox 803 3252 939 3317; x_wconf 71' lang='lat' dir='ltr'><strong>solanus</strong></span> <span class='ocrx_word' id='word_1_204' title='bbox 956 3254 1071 3317; x_wconf 73' lang='lat' dir='ltr'><strong>marrini</strong></span> <span class='ocrx_word' id='word_1_205' title='bbox 1088 3257 1145 3317; x_wconf 82' lang='lat' dir='ltr'><strong>cito</strong></span> <span class='ocrx_word' id='word_1_206' title='bbox 1163 3256 1347 3341; x_wconf 69' lang='lat' dir='ltr'><strong>itrmosueris,</strong></span> <span class='ocrx_word' id='word_1_207' title='bbox 1362 3282 1416 3323; x_wconf 81' lang='lat' dir='ltr'><strong>aec</strong></span> <span class='ocrx_word' id='word_1_208' title='bbox 1433 3283 1558 3325; x_wconf 71' lang='lat' dir='ltr'><strong>macana-</strong></span> 
     </span>
     <span class='ocr_line' id='line_1_27' title="bbox 463 3363 1558 3452; baseline 0.013 -31"><span class='ocrx_word' id='word_1_209' title='bbox 463 3363 661 3440; x_wconf 65' lang='lat' dir='ltr'><strong>25aicaceris</strong></span> <span class='ocrx_word' id='word_1_210' title='bbox 673 3363 808 3447; x_wconf 80' lang='lat' dir='ltr'><strong>peccatis</strong></span> <span class='ocrx_word' id='word_1_211' title='bbox 822 3364 953 3437; x_wconf 80' lang='lat' dir='ltr'><strong>alienis,·</strong></span> <span class='ocrx_word' id='word_1_212' title='bbox 979 3365 1100 3449; x_wconf 89' lang='lat' dir='ltr'><strong>paritor</strong></span> <span class='ocrx_word' id='word_1_213' title='bbox 1119 3389 1208 3429; x_wconf 87' lang='lat' dir='ltr'><strong>suam</strong></span> <span class='ocrx_word' id='word_1_214' title='bbox 1224 3390 1301 3452; x_wconf 81' lang='lat' dir='ltr'><strong>erga</strong></span> <span class='ocrx_word' id='word_1_215' title='bbox 1321 3368 1406 3432; x_wconf 92' lang='lat' dir='ltr'><strong>illum</strong></span> <span class='ocrx_word' id='word_1_216' title='bbox 1430 3371 1558 3435; x_wconf 90' lang='lat' dir='ltr'><strong>demon-</strong></span> 
     </span>
     <span class='ocr_line' id='line_1_28' title="bbox 509 3473 1557 3561; baseline 0.005 -21"><span class='ocrx_word' id='word_1_217' title='bbox 509 3486 616 3540; x_wconf 76' lang='lat' dir='ltr'><strong>strans</strong></span> <span class='ocrx_word' id='word_1_218' title='bbox 633 3473 873 3557; x_wconf 84' lang='lat' dir='ltr'><strong>providentiam,</strong></span> <span class='ocrx_word' id='word_1_219' title='bbox 891 3481 924 3537; x_wconf 89' lang='lat' dir='ltr'><strong>et</strong></span> <span class='ocrx_word' id='word_1_220' title='bbox 939 3475 1114 3558; x_wconf 87' lang='lat' dir='ltr'><strong>exemplum</strong></span> <span class='ocrx_word' id='word_1_221' title='bbox 1132 3477 1294 3561; x_wconf 81' lang='lat' dir='ltr'><strong>eclogem,</strong></span> <span class='ocrx_word' id='word_1_222' title='bbox 1312 3501 1375 3561; x_wconf 89' lang='lat' dir='ltr'><strong>qua</strong></span> <span class='ocrx_word' id='word_1_223' title='bbox 1391 3482 1557 3545; x_wconf 88' lang='lat' dir='ltr'><strong>cumomni</strong></span> 
     </span>
     <span class='ocr_line' id='line_1_29' title="bbox 508 3583 1559 3670; baseline 0.005 -19"><span class='ocrx_word' id='word_1_224' title='bbox 508 3583 756 3669; x_wconf 82' lang='lat' dir='ltr'><strong>scrupulositate</strong></span> <span class='ocrx_word' id='word_1_225' title='bbox 771 3596 805 3647; x_wconf 89' lang='lat' dir='ltr'><strong>et</strong></span> <span class='ocrx_word' id='word_1_226' title='bbox 820 3584 943 3648; x_wconf 83' lang='lat' dir='ltr'><strong>cautela</strong></span> <span class='ocrx_word' id='word_1_227' title='bbox 964 3585 1121 3670; x_wconf 87' lang='lat' dir='ltr'><strong>eligantur</strong></span> <span class='ocrx_word' id='word_1_228' title='bbox 1143 3589 1327 3652; x_wconf 89' lang='lat' dir='ltr'><strong>ordinando.</strong></span> <span class='ocrx_word' id='word_1_229' title='bbox 1375 3591 1559 3656; x_wconf 85' lang='lat' dir='ltr'><strong>Adnuntias</strong></span> 
     </span>
     <span class='ocr_line' id='line_1_30' title="bbox 505 3694 1558 3784; baseline 0.009 -27"><span class='ocrx_word' id='word_1_230' title='bbox 505 3701 577 3777; x_wconf 87' lang='lat' dir='ltr'><strong>(for.</strong></span> <span class='ocrx_word' id='word_1_231' title='bbox 595 3694 776 3757; x_wconf 90' lang='lat' dir='ltr'><strong>ordinandi.</strong></span> <span class='ocrx_word' id='word_1_232' title='bbox 819 3695 1068 3773; x_wconf 87' lang='lat' dir='ltr'><strong>Adnuntiamus,</strong></span> <span class='ocrx_word' id='word_1_233' title='bbox 1087 3702 1202 3778; x_wconf 52' lang='lat' dir='ltr'><strong>l‘letlei)</strong></span> <span class='ocrx_word' id='word_1_234' title='bbox 1219 3699 1422 3784; x_wconf 86' lang='lat' dir='ltr'><strong>imposterum</strong></span> <span class='ocrx_word' id='word_1_235' title='bbox 1439 3702 1509 3778; x_wconf 93' lang='lat' dir='ltr'><strong>tibi,</strong></span> <span class='ocrx_word' id='word_1_236' title='bbox 1522 3714 1558 3767; x_wconf 91' lang='lat' dir='ltr'><strong>ut</strong></span> 
     </span>
     <span class='ocr_line' id='line_1_31' title="bbox 502 3805 1557 3894; baseline 0.005 -22"><span class='ocrx_word' id='word_1_237' title='bbox 502 3807 627 3894; x_wconf 75' lang='lat' dir='ltr'><strong>regulae</strong></span> <span class='ocrx_word' id='word_1_238' title='bbox 650 3815 758 3870; x_wconf 89' lang='lat' dir='ltr'><strong>tutum</strong></span> <span class='ocrx_word' id='word_1_239' title='bbox 773 3813 807 3868; x_wconf 88' lang='lat' dir='ltr'><strong>et</strong></span> <span class='ocrx_word' id='word_1_240' title='bbox 829 3805 985 3869; x_wconf 86' lang='lat' dir='ltr'><strong>salubrem</strong></span> <span class='ocrx_word' id='word_1_241' title='bbox 1007 3810 1175 3872; x_wconf 80' lang='lat' dir='ltr'><strong>temninnm</strong></span> <span class='ocrx_word' id='word_1_242' title='bbox 1192 3811 1378 3875; x_wconf 87' lang='lat' dir='ltr'><strong>confirmare</strong></span> <span class='ocrx_word' id='word_1_243' title='bbox 1401 3814 1557 3877; x_wconf 89' lang='lat' dir='ltr'><strong>studetur.</strong></span> 
     </span>
     <span class='ocr_line' id='line_1_32' title="bbox 454 3918 882 4001; baseline -0.005 -20"><span class='ocrx_word' id='word_1_244' title='bbox 454 3937 486 3981; x_wconf 75' lang='grc' dir='ltr'><strong>το</strong></span> <span class='ocrx_word' id='word_1_245' title='bbox 500 3920 578 3999; x_wconf 81' lang='lat' dir='ltr'><strong>(lor.</strong></span> <span class='ocrx_word' id='word_1_246' title='bbox 595 3918 739 3993; x_wconf 88' lang='lat' dir='ltr'><strong>studeas,</strong></span> <span class='ocrx_word' id='word_1_247' title='bbox 755 3923 882 4001; x_wconf 82' lang='lat' dir='ltr'><strong>Mnffei.)</strong></span> 
     </span>
    </p>
   </div>
   <div class='ocr_carea' id='block_1_4' title="bbox 761 4144 1313 4191">
    <p class='ocr_par' dir='ltr' id='par_1_4' title="bbox 761 4144 1313 4191">
     <span class='ocr_line' id='line_1_33' title="bbox 761 4144 1313 4191; baseline 0.013 -8"><span class='ocrx_word' id='word_1_248' title='bbox 761 4144 854 4185; x_wconf 69' lang='lat' dir='ltr'><strong>r&#39;tn&#39;ls</strong></span> <span class='ocrx_word' id='word_1_249' title='bbox 880 4146 1044 4187; x_wconf 66' lang='lat' dir='ltr'><strong>Erlsuom,</strong></span> <span class='ocrx_word' id='word_1_250' title='bbox 1070 4147 1313 4191; x_wconf 71' lang='lat' dir='ltr'><strong>lil&#39;lSl&#39;lll&#39;OllUbl.</strong></span> 
     </span>
    </p>
   </div>
   <div class='ocr_carea' id='block_1_5' title="bbox 935 4298 1133 4346">
    <p class='ocr_par' dir='ltr' id='par_1_5' title="bbox 935 4298 1133 4346">
     <span class='ocr_line' id='line_1_34' title="bbox 935 4298 1133 4346; baseline 0.02 -4"><span class='ocrx_word' id='word_1_251' title='bbox 935 4299 963 4342; x_wconf 79' lang='lat'><strong>¹&#39;1</strong></span> <span class='ocrx_word' id='word_1_252' title='bbox 981 4298 1046 4344; x_wconf 79' lang='lat' dir='ltr'><strong>Tim.</strong></span> <span class='ocrx_word' id='word_1_253' title='bbox 1061 4315 1081 4344; x_wconf 76' lang='lat' dir='ltr'><strong>r.</strong></span> <span class='ocrx_word' id='word_1_254' title='bbox 1096 4314 1133 4346; x_wconf 72' lang='lat' dir='ltr'><strong>ar.</strong></span> 
     </span>
    </p>
   </div>
   <div class='ocr_carea' id='block_1_6' title="bbox 0 0 2060 5150">
    <p class='ocr_par' dir='ltr' id='par_1_6' title="bbox 0 0 2060 5150">
     <span class='ocr_line' id='line_1_35' title="bbox 0 0 2060 5150; baseline 0 0"><span class='ocrx_word' id='word_1_255' title='bbox 0 0 2060 5150; x_wconf 95' lang='lat' dir='ltr'><strong> </strong></span> 
     </span>
    </p>
   </div>
  </div>
 </body>
</html>
