4092 5150
565 422 607 483 40
861 414 1108 493 RELIQUIAE
1135 414 1313 478 SACRAE.

564 586 692 671 αύτούς
717 586 929 668 παντάπασι
955 586 1122 688 γενέσθαι
1149 583 1222 664 ἀπὸ
1245 582 1368 683 πάσης
1392 583 1527 674 κακίας,
1547 585 1613 661 οὐκ

565 714 666 795 ἔστιν
684 715 849 817 ἔγκλημα
864 712 1078 817 προσάγειν.
1109 711 1235 813 ζημίαν
1252 710 1324 814 γὰρ
1348 712 1406 790 καὶ
1429 708 1613 791 ἀπώλειαν

564 847 758 954 χρημάτων
770 847 972 949 ύπήνεγκαν
984 844 1102 946 ἵναμὴ
1116 844 1182 946 τὴν
1200 843 1326 951 ψυχὴν
1338 846 1474 925 ἑαισῶν
1484 843 1613 945 ζημιω-

564 991 680 1065 θῶσιν
706 982 729 1084 ή
755 983 1001 1073 ἀπολείπωσιν,
1027 980 1113 1082 ίοτερ
1141 981 1252 1058 ἄλλοι
1281 977 1372 1058 κατὰ
1394 978 1610 1082 αἰσχροκέρ-

564 1122 661 1198 δειαν
679 1119 721 1197 ού
737 1115 967 1218 πεποιήκασι,
983 1119 1042 1196 καὶ
1060 1116 1118 1195 τοί
1133 1148 1174 1215 γε
1192 1122 1258 1193 τοῦ
1278 1114 1413 1215 Κυρίου
1430 1114 1639 1214 λέγουτος5

565 1252 645 1333 ιιΤί
666 1251 738 1356 γὰρ
762 1251 946 1359 ὠφελήσει
971 1250 1159 1353 ἅνθρωπος
1184 1248 1246 1328 ἐὰν
1268 1245 1331 1327 τὸν
1358 1247 1498 1346 κόσμον
1524 1248 1614 1327 ὅλον

564 1384 734 1491 κερδήσῃ,
757 1384 824 1487 τήν
848 1385 886 1466 δὲ
909 1382 1037 1491 ψυχήν
1059 1386 1168 1464 αὐτοῦ
1193 1380 1391 1486 ζηραωθῇή
1414 1383 1611 1488 ἀπολέσῃς

565 1525 634 1619 καὶ,
653 1519 763 1601 Ι’Ὅτι
782 1522 824 1601 οὐ
850 1520 1009 1601 δύνασθε
1030 1526 1112 1626 Θεῷ
1139 1519 1319 1599 δουλεύειν
1336 1521 1395 1598 καὶ
1418 1523 1611 1624 μαμμωνᾲ,

564 1654 753 1762 ἐφάνησαν
771 1655 843 1759 γὰρ
860 1658 943 1758 παρ’
963 1657 1105 1740 ἐκείνοις
1121 1657 1192 1755 (for.
1210 1658 1335 1761 ἐκεῖνο)
1355 1660 1407 1761 τῷ
1425 1659 1509 1760 Θεῷ
1531 1656 1615 1733 δου-

565 1789 739 1887 λεύοντες,
755 1789 802 1869 τὰ
815 1790 967 1893 ἀργύρια
979 1786 1201 1889 μισήσαντες
1215 1792 1274 1868 καὶ
1284 1785 1615 1887 καταπατήσαντες,
1627 1833 1662 1872 10

565 1927 625 2004 καὶ
642 1924 982 2031 καταφρονήσαντες
1000 1925 1128 2004 αὐτῶν·
1154 1921 1418 2027 ἀνεπλήρωσαν
1439 1958 1478 2002 τε
1500 1926 1615 2002 καὶέν

565 2060 679 2167 τούτῳ
697 2057 738 2139 τδ
756 2058 1013 2163 γεγραμμένον,
1033 2058 1202 2163 ο[λύτρον
1215 2057 1343 2161 ἀνδρὸς
1356 2062 1479 2163 ψυχῆς
1492 2058 1513 2136 ὁ
1526 2057 1616 2142 ἴδιος

564 2201 735 2277 πλοῦτος·
764 2195 840 2273 ἐπεὶ
865 2196 924 2272 καὶ
946 2196 984 2273 ἐν
1007 2201 1085 2277 ταῖς
1108 2192 1267 2300 πράξεσι
1297 2199 1370 2272 τῶν
1395 2190 1615 2273 ἀποστόλων

565 2328 769 2429 ἀνέγνωμεν
793 2326 876 2411 τοὺς
900 2327 1074 2430 συρίντας
1097 2331 1175 2407 ἀντὶ
1196 2326 1346 2407 Παύλου
1372 2332 1431 2406 καὶ
1456 2328 1553 2405 Σίλα
1576 2329 1616 2406 ἐν

565 2463 825 2568 Θεσσαλονίκῃ
849 2465 906 2543 ἐπὶ
926 2462 1009 2547 τοὺς
1032 2463 1267 2569 πολιτάρχας,
1284 2463 1375 2563 μετὰ
1396 2468 1615 2563 πλησμονῆς
1628 2516 1660 2573 ¹5

917 2596 1063 2628 KQ&

500 2591 502 2593 ὓ
565 2597 821 2682 ἀπολυθέντας.
841 2633 932 2697 μετα
943 2632 1015 2702 γαρ
1026 2633 1069 2679 το
1083 2602 1336 2700 καταβορήσαι
1349 2594 1476 2682 αύτούς
1488 2597 1616 2679 πολλὰ

565 2729 683 2810 διὰτὸ
702 2731 816 2832 ὄνομα
834 2736 893 2811 καὶ
912 2732 1084 2840 ἀταροίξιιι
1103 2732 1168 2812 τὸν
1185 2731 1299 2838 ὄχλον
1316 2734 1376 2812 καὶ
1398 2730 1479 2816 τοὺς
1501 2743 1611 2814 πολι·

566 2867 714 2971 τάρχας,
737 2866 931 2965 Λαβόντες,
946 2870 1051 2973 φησὶ,
1062 2865 1105 2946 τὸ
1124 2865 1246 2946 ἱκανὸν
1259 2865 1358 2969 παρὰ
1371 2873 1436 2945 τοῦ
1449 2866 1614 2951 Ἰάσονος

565 3004 622 3082 καὶ
654 3007 728 3081 τῶν
759 3006 898 3081 λοιπῶν
930 3003 1121 3081 ἀπελύσαν
1151 2999 1288 3084 αύτούς.
1330 3005 1364 3079 οἱ
1393 2997 1431 3077 δὲ
1461 3001 1615 3107 ἀδελφοὶ

565 3180 675 3236 esseut,
691 3169 800 3227 crimen
814 3168 927 3228 intendi
938 3190 996 3229 nou
1011 3191 1064 3251 po.
1115 3169 1276 3235 culcarunt,
1318 3177 1615 3245 contempaemutque
1627 3192 1663 3231 πο

565 3261 633 3309 teat.
669 3250 817 3307 Damnum
832 3249 909 3307 euim
924 3261 954 3308 et
968 3252 1065 3328 jactu·
1115 3251 1262 3330 pecunias,
1284 3259 1314 3306 et
1338 3248 1369 3305 in
1393 3266 1428 3306 eo
1452 3246 1614 3326 compleve-

565 3351 626 3389 ram
644 3329 832 3410 pecuniarum
851 3331 1064 3398 sustinuerunt,
1116 3340 1186 3388 runt
1203 3329 1281 3406 quod
1296 3329 1514 3408 scriptumest:
1541 3328 1614 3386 Pre-

565 3429 603 3469 ne
613 3411 717 3469 anime
728 3408 904 3469 detrimento
918 3411 1065 3469 affieeren-
1116 3411 1185 3469 tium
1199 3408 1398 3487 redemptionis
1412 3407 1521 3475 anima,
1541 3407 1615 3466 ‹tivi-

565 3501 624 3557 tur,
635 3490 680 3549 vel
691 3491 782 3568 ipsam
792 3491 879 3548 etiam
891 3490 1064 3570 perderent:
1117 3492 1163 3550 tt'oe
1173 3511 1227 3568 pro
1267 3493 1303 3544 '.
1346 3489 1424 3547 Nam
1442 3488 1472 3545 iu
1488 3487 1616 3547 Actibus

565 3570 642 3648 quod
655 3570 705 3629 alii
719 3580 838 3649 propter
849 3579 936 3647 turpe
950 3570 1064 3629 lucrum
1115 3510 1325 3650 Αροοιοίύίύτιι
1347 3569 1470 3647 legimus
1489 3589 1548 3638 eoa,
1564 3569 1614 3646 qui
1628 3595 1642 3634 2
1646 3595 1662 3653 5

566 3671 624 3709 non
638 3651 789 3720 fecerunt3
811 3651 944 3727 quamvis
960 3651 1065 3708 Domi.
1115 3671 1168 3731 pro
1181 3650 1274 3708 Paulo
1282 3661 1313 3710 et
1325 3649 1386 3708 Sila
1401 3648 1615 3708 Thessalonice

565 3750 622 3790 uua
640 3730 735 3790 dicut:
760 3729 838 3796 Qatu
859 3730 931 3788 enim
949 3732 1065 3810 prodest
1115 3730 1151 3790 ad
1188 3731 1374 3808 magistratus
1415 3729 1615 3795 trahebantur,

565 3811 679 3878 Ιιοοιίαὶ,
701 3809 728 3868 α’
749 3810 909 3869 nniversam
931 3811 1064 3870 mandam
1116 3831 1180 3871 cum
1197 3811 1298 3870 multis
1316 3809 1447 3889 pecuniis
1464 3809 1556 3868 fuisse
1571 3809 1614 3867 di-

566 3890 703 3956 lueretur,
719 3891 822 3950 αιιίυια
833 3910 897 3950 vero
908 3912 966 3950 rnoe
976 3890 1066 3950 ἀείτί.
1116 3891 1225 3949 miasoa.
1270 3891 1427 3967 Postquam
1444 3889 1522 3947 euim
1537 3890 1617 3970 ipaoa

565 3980 686 4030 mentum
698 3970 858 4049 patiatur?
879 3982 910 4032 et
930 3991 1064 4030 rursum:
1116 3982 1235 4051 propter
1267 3990 1373 4028 nomeu
1400 3968 1484 4028 valde
1512 3990 1616 4029 vexus·
1626 3999 1665 4056 30

566 4050 635 4109 Nan
669 4051 790 4129 potestis
821 4054 883 4111 Deo
909 4052 1018 4111 sentire
1041 4060 1066 4110 et
1116 4060 1227 4121 aeut,et
1235 4050 1452 4109 multitudinem
1462 4051 1616 4128 magistra.

566 4150 739 4189 τααπιαοαα.
759 4131 794 4188 Ιυ
803 4133 922 4190 eoenim
935 4132 988 4191 viai
998 4141 1067 4190 aunt
1117 4141 1223 4208 tuaque
1237 4131 1465 4210 perturbassent,
1478 4130 1515 4188 ab
1528 4131 1617 4191 laso-

571 4210 637 4269 Deo
646 4211 754 4270 servire
764 4210 842 4288 quod
853 4211 988 4280 oderunt,
999 4231 1068 4270 eon-
1118 4231 1162 4281 ne,
1183 4212 1287 4288 inquit,
1303 4219 1329 4268 et
1350 4209 1468 4290 reliquia
1489 4210 1616 4270 satisda-

729 4349 743 4378 ι
755 4338 833 4387 Marc.
846 4339 896 4387 viii.
908 4340 949 4400 36.
1231 4342 1245 4379 b
1258 4340 1320 4389 Mat.
1334 4342 1366 4387 vi.
1380 4353 1418 4398 τι.

730 4414 743 4442 e
757 4404 827 4451 Pror.
835 4404 887 4451 xiii.
896 4404 921 4451 8.
1224 4407 1238 4445 d
1251 4406 1307 4454 Aet.
1315 4406 1374 4454 xvii.
1385 4406 1408 4465 8,
1415 4419 1439 4467 9,
1452 4420 1488 4454 ιο.
