4092 5150
819 370 1090 446 Pennino.
1457 398 1483 446 v
1633 317 1636 322 ¹

436 556 632 631 hominurn
649 556 717 651 qui
734 557 773 629 in
791 554 1000 630 Gentilium
1020 578 1161 631 manus
1185 557 1343 632 Divinas
1359 555 1482 654 Sci-in

434 695 540 763 turas
565 689 841 762 comburendas
866 687 1113 776 tradiderant,
1140 689 1230 762 hinc
1255 690 1411 778 exclusi,
1432 712 1481 766 ne

433 821 528 894 mira
544 820 630 907 ista
647 820 775 894 nescio
791 841 842 892 an
858 840 1051 914 germana,
1064 820 1161 894 actis
1174 820 1380 895 Catholicis
1390 822 1481 916 jun-

431 957 630 1046 gerentur3
656 957 726 1025 aut
742 951 794 1025 fel
811 972 900 1025 cum
916 951 1100 1037 mellent
1116 950 1256 1025 veteris
1273 950 1480 1043 Christiani

432 1083 631 1179 Scriptoris
640 1085 766 1158 verbis
776 1084 1114 1171 utanmisceretur.
1154 1083 1478 1159 Praeteriitillain

431 1216 682 1291 Conciliorum
695 1217 859 1291 editione
872 1237 945 1290 sua
956 1216 1188 1290 Harduinus.
1215 1216 1478 1291 Alexandrum

431 1371 539 1443 porro
579 1348 884 1422 Alexandrinum
924 1349 1154 1443 episcopum,
1192 1349 1265 1423 etsi
1304 1349 1364 1422 vir
1403 1349 1479 1423 fuit

432 1503 577 1555 summe
607 1481 827 1568 catholicus
857 1481 999 1576 quique
1032 1480 1218 1554 nonnulla
1245 1486 1337 1555 ante
1366 1504 1479 1578 syno-

431 1613 519 1686 dum
546 1613 744 1686 Nicaenam
769 1612 920 1707 scripsit
944 1612 986 1684 in
1012 1612 1158 1699 Arium,
1179 1618 1311 1687 tamen
1336 1613 1478 1689 idcirco

431 1767 625 1820 enumero
640 1746 778 1819 horum
801 1743 1084 1818 Ante-Nicaeum
1104 1745 1193 1819 fidei
1218 1746 1376 1820 testium
1397 1748 1477 1821 exi·

430 1877 609 1951 mendum
631 1899 714 1951 esse
734 1876 864 1962 statui,
887 1876 989 1972 quod
1011 1876 1053 1948 in
1075 1875 1148 1949 hoc
1168 1875 1345 1964 Concilio,
1367 1879 1476 1973 cujus

430 2010 505 2104 ipse
535 2032 625 2105 pars
651 2030 792 2103 magna
815 2007 900 2095 fuit
926 2006 1068 2081 sederit
1094 2006 1322 2081 Alexander.
1373 2009 1475 2085 Male

431 2163 513 2215 vero
534 2143 677 2216 omissa
701 2164 726 2216 a
750 2162 812 2214 me
829 2140 952 2213 fateor
971 2139 1129 2212 Macarii
1151 2139 1341 2233 Magnetis
1360 2138 1475 2236 Frag-

430 2283 565 2363 menta
601 2277 634 2349 si
666 2281 757 2349 ante
792 2273 981 2369 synodum
1015 2270 1156 2344 vixerit
1189 2271 1474 2348 vetustissimus

429 2414 579 2497 auct0r;
605 2407 672 2481 sed
697 2428 744 2480 ea
768 2406 864 2479 mihi
888 2403 1082 2478 insederat
1102 2403 1239 2499 opinio
1264 2426 1352 2498 quae
1369 2406 1474 2503 Mag·

429 2547 551 2615 netem
569 2539 815 2636 scriptoribus
831 2538 987 2613 incertae
1004 2537 1134 2612 aetatis
1151 2537 1338 2612 adstruat.
1389 2539 1475 2615 Dis-

426 2674 661 2766 putationem
678 2671 855 2745 Archelai
873 2693 961 2745 oum
984 2671 1146 2757 Manete
1164 2693 1232 2745 seu
1249 2670 1471 2760 Manichaeo,

427 2806 594 2879 habitam
611 2812 656 2879 ut
673 2806 720 2879 de
745 2805 830 2879 istis
856 2824 1123 2898 expungerem
1141 2803 1202 2875 vel
1226 2802 1391 2876 invitum
1408 2826 1471 2878 me

427 2940 543 3033 coegit
565 2937 778 3033 amplitudo
798 2937 891 3031 ejus.
942 2935 1091 3008 Indices
1108 2935 1350 3022 necessarios
1368 2943 1471 3011 certe

425 3071 544 3156 utiles
561 3070 692 3165 adjeci
710 3070 776 3143 sed
800 3067 1035 3143 commodius
1059 3067 1131 3140 hoc
1154 3072 1262 3139 ratus
1284 3067 1324 3139 in
1347 3089 1469 3141 unum

425 3202 593 3276 redactos
609 3201 783 3297 praestiti.
834 3201 884 3273 Et
895 3200 978 3292 Jam
995 3199 1159 3294 peractis
1173 3199 1349 3273 omnibus
1365 3200 1469 3295 longi

425 3335 541 3425 operis
567 3333 740 3429 partibus
766 3332 845 3405 Deo
871 3331 1126 3404 conservatori
1151 3331 1362 3404 maximam
1384 3354 1469 3425 gra

425 3465 512 3538 tiarn
531 3467 662 3551 habeo,
680 3464 780 3559 quod
797 3463 907 3537 licuit
923 3462 1018 3534 mihi
1036 3484 1085 3535 ex
1103 3461 1272 3535 ecclesiae
1286 3463 1467 3536 thesauro

425 3605 546 3671 vetera
581 3598 699 3682 istaec,
725 3602 783 3669 tot
808 3595 942 3689 utique
968 3592 1143 3678 attenti
1170 3594 1210 3665 ni
1236 3592 1357 3679 fallor,
1387 3616 1467 3667 mo-

423 3732 543 3816 nenti,
562 3730 613 3803 ad
632 3750 872 3801 communem
889 3726 1058 3823 proferre
1074 3748 1198 3799 usum.
1242 3726 1307 3813 Tu
1322 3727 1464 3817 Lector,

423 3864 448 3935 si
463 3866 533 3939 hoc
551 3862 733 3937 convenit
743 3861 888 3954 judicio
905 3868 983 3946 tuo,
1001 3859 1048 3931 iis
1064 3859 1199 3944 fruere,
1217 3881 1262 3932 ac
1280 3861 1374 3933 vale.
