4092 5150
473 431 539 494 428
810 426 1197 492 ANNOTATIONES

468 599 577 683 jndice
590 598 703 661 eodem
723 596 938 682 stillingfleto,
954 597 1130 682 Dionysius
1148 596 1184 660 in
1197 595 1311 679 ῥήσεσι
1330 596 1514 681 sequentibus

473 703 556 765 mim
569 701 752 785 eloquentie
773 699 984 787 philosophiae
998 699 1094 785 hujus
1115 699 1239 784 liquido
1253 698 1405 784 exposuit
1422 698 1514 763 irrisit

475 827 537 888 qne
551 803 733 868 stultitiam.

519 907 557 970 P.
568 926 644 991 399.
660 906 681 970 l.
694 906 724 968 8.
740 906 788 968 ταὶ
797 912 856 969 τᾶν
867 903 1078 989 γεννωμένων]
1095 903 1283 968 Artieulum
1293 903 1373 968 mihi
1384 902 1513 989 pmstitit

476 1009 551 1071 MS.
565 1008 757 1083 Ιοαιιιισιιτίι,
773 1028 857 1070 nune
871 1005 1075 1070 {irruentibus
1089 1015 1222 1091 quatuor
1240 1005 1477 1090 Gaieserdianie.

521 1112 559 1172 P.
575 1130 650 1187 400.
674 1109 694 1171 l.
710 1131 741 1188 4,
765 1112 783 1172 t
806 1111 1002 1193 φιλοφίνον]
1031 1108 1162 1193 Optime
1187 1107 1339 1172 rescribit
1363 1107 1483 1193 Vigenu
1497 1108 1514 1183 t,

476 1214 676 1292 φυλοτρίιτιν.
721 1211 874 1274 Proxime
888 1217 963 1294 post
982 1211 1113 1294 διαχέων
1132 1232 1192 1296 pro
1211 1210 1366 1294 δναχέων,
1381 1218 1415 1274 et
1427 1209 1510 1292 ydum-

476 1340 524 1378 τοι
537 1336 597 1399 pro
611 1315 744 1394 γένηται,
760 1314 836 1377 MS.
873 1312 939 1376 Sed
960 1314 1089 1392 ἀτόμους
1110 1335 1150 1377 ex
1173 1313 1437 1377 antecedentibus
1453 1312 1509 1376 sub

475 1416 561 1479 nudi.
605 1419 800 1495 Φυλοκρίνυν
814 1437 897 1478 νυνι
910 1415 952 1478 de
965 1414 1052 1479 codd.
1070 1415 1230 1498 Gaiufurd.

519 1517 603 1580 Ibid.
618 1516 639 1579 l.
652 1520 682 1581 6.
698 1518 792 1581 τάσδε
806 1521 839 1581 δὲ
854 1516 919 1602 ὁδὶ]
935 1517 989 1582 Sie
1004 1539 1064 1601 pro
1077 1522 1131 1585 τδτ
1149 1521 1183 1583 δὲ
1202 1520 1257 1584 ὡδὶ
1272 1541 1312 1583 ex
1329 1520 1422 1584 Msto
1433 1515 1506 1583 edidi

476 1620 691 1684 Consentiunt
705 1630 765 1683 ινιτ
781 1620 1010 1704 Guiet'ordiuni.

521 1722 606 1785 Ibid.
621 1722 641 1784 l.
656 1722 685 1784 8.
698 1721 829 1808 φοῦσιν]
854 1722 939 1787 Olim
960 1725 1065 1804 φύσιν,
1080 1723 1166 1808 qnod
1187 1723 1310 1787 mutavi
1334 1744 1404 1786 enm
1418 1727 1505 1805 φοῦσν

474 1822 610 1886 lectione
625 1824 727 1887 usn.
772 1823 922 1887 Firmant
937 1823 1077 1909 quinque
1090 1825 1176 1889 edd.
1195 1826 1369 1910 Guiesenli.

520 1924 602 1989 Ibid.
624 1925 646 1988 l.
662 1926 691 1988 8.
713 1927 844 2004 ἡλιακαὶ,
871 1927 1009 2010 τοσαίδε]
1039 1927 1121 1990 Fide
1144 1929 1238 1992 Meti
1259 1927 1443 2012 particulam
1463 1927 1503 2001 mi,

476 2050 548 2111 quae
562 2027 699 2091 fortusse
721 2050 761 2092 ex
782 2029 994 2094 antecedente
1008 2052 1085 2094 voce
1106 2032 1228 2109 ἡλιοτοὶ
1245 2039 1325 2095 natu
1346 2041 1423 2109 erut,
1436 2027 1504 2093 onii

476 2138 553 2195 unte
567 2133 697 2194 τοσαίδε.
742 2130 908 2196 Omittnnt
922 2133 972 2195 καὶ
985 2142 1047 2196 tres
1059 2132 1169 2217 empti
1186 2133 1412 2217 Guiefordiuei.

520 2234 560 2298 P.
576 2253 651 2313 401.
672 2232 693 2296 l.
708 2254 738 2310 4.
760 2234 1001 2319 συγκεχυμένην]
1030 2235 1134 2298 Prent
1158 2234 1329 2320 legendum
1353 2236 1505 2320 eonjeeertt

477 2336 627 2421 Vigerns,
643 2335 688 2399 sie
701 2334 819 2421 legitur
834 2337 867 2399 in
882 2337 978 2400 Maste
992 2358 1052 2421 pro
1061 2339 1342 2419 συγκεχωρημένην.
1376 2337 1505 2402 Sen'bitu

477 2439 572 2524 paulo
587 2446 660 2522 post
682 2438 714 2500 in
729 2439 827 2501 eudem
848 2439 947 2503 codiee
968 2439 1022 2503 τὸν
1043 2443 1144 2516 ἵππον,
1160 2439 1217 2502 sed
1237 2441 1333 2517 mule,
1350 2449 1384 2506 et
1402 2444 1505 2522 σφενδα

479 2541 576 2620 νήτας,
592 2549 626 2604 et
641 2538 677 2602 ἵν’
694 2539 850 2618 ἀλλήλοις.
897 2539 1058 2605 Omiesum
1074 2546 1125 2604 est
1139 2539 1257 2606 ibidem
1277 2544 1326 2607 καὶ
1345 2543 1438 2608 πάντα
1449 2548 1504 2606 ante

479 2644 595 2720 ἀναμίξ.
642 2642 687 2707 Et
710 2642 850 2718 inferius,
868 2647 975 2710 ἑαυτὰς
993 2651 1086 2707 extat
1107 2666 1166 2729 pro
1189 2646 1289 2713 αὑτάς.
1337 2647 1451 2711 Sufficit
1469 2643 1503 2706 hit

480 2744 595 2820 dicere,
611 2756 671 2808 tres
687 2745 850 2827 Gaiffordi
864 2746 977 2809 codices
991 2768 1089 2809 vocem
1104 2758 1259 2830 praestare
1275 2749 1488 2834 συγκεχυμένην.

526 2848 558 2910 P.
568 2866 642 2928 402.
658 2847 680 2909 l.
692 2867 724 2931 3.
741 2852 815 2910 κατὰ
830 2848 883 2911 τὸν
897 2849 1035 2931 ποιητὴν]
1057 2849 1161 2931 Odyss.
1176 2849 1213 2929 ρ’.
1228 2873 1294 2916 ver.
1310 2855 1383 2918 218.

611 2952 669 3013 Καὶ
682 2952 738 3028 μὲν
754 2951 788 3026 δη
803 2950 886 3028 μάλα
900 2950 1001 3033 πάγχυ
1017 2950 1106 3017 κακὸς
1121 2953 1213 3017 κακὸν
1227 2956 1381 3035 ἡγηλάζει.

608 3052 665 3119 Ὡς
680 3054 727 3116 ἀεὶ
741 3052 795 3116 τὸν
810 3056 913 3131 ὁμοῖον
928 3056 995 3134 ἄγει
1011 3054 1091 3120 Θεὸς
1106 3058 1147 3120 εἷς
1161 3056 1214 3119 τδν
1229 3059 1344 3135 ὁμοῖον.

526 3155 610 3218 lbid.
627 3156 647 3218 l.
665 3176 713 3235 14.
730 3158 760 3217 αἱ
776 3157 973 3238 συνωμοσίαι]
994 3158 1090 3219 Hune
1105 3179 1213 3220 vocem
1228 3161 1306 3224 MS.
1319 3157 1502 3247 suppeditavit

482 3279 539 3341 pro
554 3260 780 3339 συνομολογίαι,
798 3258 882 3340 qnod
898 3258 1217 3343 interpretamentum
1232 3282 1301 3323 esse
1316 3262 1444 3325 videtur.
1466 3258 1501 3319 lu·

482 3361 530 3422 iru
558 3361 598 3423 de
620 3359 719 3423 stellis
740 3359 789 3422 uit
812 3368 936 3435 auctor,
963 3363 1010 3422 καὶ
1036 3365 1088 3427 τὰς
1112 3364 1185 3441 πρὸς
1211 3362 1277 3427 τοὺς
1306 3363 1504 3443 πλησιοχώρους

482 3461 662 3542 γειτνιάσεις
679 3460 929 3525 ἘΝΩΜΟΊῺΣ
946 3463 992 3525 καὶ
1011 3462 1073 3541 μετ’
1094 3462 1209 3544 εἰρήνης
1229 3465 1439 3543 φυλάττουσιν.
1452 3480 1503 3546 pag·

481 3585 556 3643 404.
577 3564 630 3625 lin.
649 3584 697 3626 10.
744 3564 888 3649 Speutuii
909 3563 993 3627 inter
1013 3564 1082 3627 haee
1104 3564 1252 3627 videntur
1275 3566 1437 3629 duodecim
1454 3556 1504 3625 culi

482 3667 594 3728 domus
617 3688 671 3727 seu
695 3665 773 3749 topi,
789 3666 829 3729 de
852 3665 1064 3748 q11ibus‚eum
1086 3666 1149 3742 elii,
1165 3674 1235 3729 tum
1257 3667 1420 3732 Manilius.
1434 3689 1504 3730 uvue

481 3771 584 3847 μοσίαι
599 3791 682 3831 nune
698 3776 854 3852 praestunt
866 3769 961 3832 MSS
972 3768 1103 3852 quinque
1120 3769 1293 3852 Gaiesordi.

528 3870 608 3933 Ibid.
624 3870 644 3931 l.
662 3873 709 3933 18.
726 3871 818 3955 οὗτοι]
836 3872 909 3933 Ηοα
924 3869 1028 3954 recepi
1043 3893 1082 3933 ex
1098 3871 1195 3934 MSto
1210 3893 1269 3955 pro
1285 3872 1378 3936 αὐτοί.

528 3972 565 4033 Ρ.
581 3992 655 4056 403.
678 3971 699 4034 l.
718 3991 747 4034 2.
775 3972 961 4056 ἐποπτεύειν]
987 3974 1061 4034 Ηοο
1086 3995 1211 4057 qnoque
1235 3996 1274 4036 ex
1302 3976 1413 4037 eodem
1434 3971 1506 4035 MSu

483 4082 645 4157 sumptum
667 4098 725 4159 pro
747 4077 924 4138 ὑποπτεύειν
951 4074 1051 4160 posui.
1096 4074 1197 4138 Paulo
1222 4076 1306 4139 infru
1330 4078 1434 4150 habes,
1456 4065 1504 4137 ἀλλ’

482 4176 549 4237 οὐδὲ
565 4177 618 4253 τὴν
633 4177 738 4256 ἑτέραν
754 4181 969 4242 ἐπισκοποῦσιν
985 4180 1187 4256 δνακύκλησιν
1204 4179 1304 4251 αὐτοῦ,
1319 4181 1383 4242 καθ’
1395 4179 1428 4256 ἣν
1441 4179 1503 4254 ὡρισ-

482 4275 573 4351 μένος
590 4279 643 4340 διο.
676 4279 842 4344 Consentit
856 4304 925 4344 eum
939 4283 1015 4346 MS.
1029 4282 1119 4345 Joan.
1136 4303 1213 4345 ιιι-ιιι
1224 4305 1261 4346 ον
1277 4277 1492 4366 Gaiey‘ordiati·
