4092 5150
606 425 792 490 CONCIL.
818 424 1240 493 NEOCAESARIENSIS
1266 426 1496 492 CANONES.
1521 428 1585 489 185

532 597 574 673 οὐ
588 598 749 676 δύναται·
780 601 842 680 οὐκ
862 602 900 680 ἐκ
917 601 1159 701 προαιρέσεως
1177 599 1248 701 γὰρ
1268 600 1289 697 ἡ
1316 601 1439 681 πίστις
1465 599 1583 692 αὐτοῦ,
1635 700 1637 706 ⁴

532 733 617 808 ἀλλ’
637 733 682 837 ἐξ
703 732 872 834 ἀνάγκης.
903 740 931 812 εἱ
959 734 1008 832 μὴ
1037 733 1131 838 τάχα
1164 732 1222 813 διὰ
1253 732 1318 831 τὴν
1350 731 1441 829 μετὰ
1472 740 1584 810 ταῦτα

532 868 640 946 αὑτοῦ
659 868 823 967 σπονδὴν
842 873 900 948 καὶ
917 872 1052 965 πίστιν,
1067 875 1124 948 καὶ
1141 868 1202 947 διὰ
1221 866 1354 947 σπάνιν
1370 866 1583 970 ἀνθρώπων.

918 1157 1100 1231 ΚΑΝΩΝ
1133 1158 1194 1230 [Γ.

488 1319 516 1372 5
589 1308 798 1410 Ἐπιχιόριοι
816 1311 1054 1413 πρεσβύτεροι
1067 1315 1104 1389 ἐν
1118 1318 1168 1417 τῷ
1185 1316 1351 1416 Κνριακῲ
1367 1314 1430 1407 τῆς
1442 1309 1583 1393 πόλεως

532 1445 751 1547 προσφέρειν
770 1446 811 1522 οὐ
829 1444 1006 1543 δύνανται,
1026 1448 1201 1547 παρόντος
1220 1442 1454 1544 ἐπισκόπονῆ
1470 1479 1584 1547 πρεσ-

534 1576 691 1677 βιπέρων
718 1576 868 1674 πόλεως,
898 1582 977 1658 οὕτε
1005 1579 1077 1679 μὴν
1110 1581 1218 1682 ἄρτον
1251 1581 1383 1658 δίδοναι
1416 1582 1454 1657 ἐν
1486 1582 1582 1685 εὐχῇ,

534 1712 610 1790 οὐδὲ
634 1711 815 1814 ποτήριον.
855 1715 916 1816 ε’ᾲν
942 1716 978 1795 δὲ
1005 1721 1137 1811 ἀπῶσι,
1164 1720 1220 1795 καὶ
1246 1723 1293 1800 εἷς
1318 1715 1423 1818 εὐχὴν
1452 1721 1581 1821 κληθῇ,

534 1847 639 1943 μόνος
660 1850 730 1942 (for.
741 1848 869 1952 μόνον)
891 1852 1047 1931 δίδωσιν.
1107 1858 1156 1930 Οἱ
1176 1851 1213 1929 δὲ
1232 1852 1581 1953 χωρεπίσκοποιεὶσὶ

454 1981 597 2078 [open
616 1989 663 2065 εἰς
682 1983 795 2062 τύπον
813 1990 885 2060 τῶν
904 1983 1158 2081 ἑβδομήκοντα·
1192 1989 1239 2067 ὡς
1254 1985 1290 2063 δὲ
1303 1987 1581 2084 συλλειτουργοὶ

535 2116 589 2195 διὰ
607 2116 674 2216 τὴν
692 2116 856 2217 σπονδὴν
875 2117 941 2217 τὴν
961 2126 1008 2201 εὶς
1033 2120 1114 2203 τοὺς
1135 2118 1309 2222 πτωχοὺς,
1328 2120 1581 2224 προσφέρουσι

535 2252 732 2347 τιμώμενοι.

916 2493 1099 2567 ΚΑΝΩΝ
1130 2494 1195 2566 [Δ.

586 2673 756 2754 Διάκονοι
774 2676 864 2754 ἑπτὰ
882 2677 1095 2778 ὀφείλουσιν
1124 2672 1210 2753 εἶναι
1235 2673 1324 2752 κατὰ
1347 2673 1410 2751 τὸν
1436 2671 1578 2771 κανόνα,

455 2827 475 2867 ¹
491 2806 595 2914 ,ςκᾷν
613 2808 708 2889 πάνυ
726 2811 869 2910 μεγάλη
888 2811 940 2908 εἴη
959 2808 1117 2909 ἡπόλις.
1148 2809 1332 2913 πεισθήσῃ
1356 2807 1393 2887 δὲ
1418 2806 1489 2888 ἀπὸ
1513 2812 1578 2906 τῆς

532 2946 664 3038 βίβλον
683 2951 755 3022 τῶν
772 2945 950 3051 πράξεων.

534 3254 634 3332 hyterii
650 3273 709 3310 non
732 3265 828 3333 potest
845 3255 1025 3332 pronroveri3
1079 3254 1165 3320 erint,
1180 3252 1261 3312 etad
1277 3251 1400 3310 dandum
1417 3249 1576 3308 orationem

533 3334 607 3409 quod
632 3354 689 3391 non
715 3355 748 3392 ex
777 3336 927 3412 proposito
956 3335 1028 3394 fides
1079 3348 1228 3400 vocentur,
1251 3332 1304 3392 soli
1327 3333 1395 3390 dure
1418 3329 1577 3388 debebunt.

533 3414 603 3489 ejus,
613 3414 664 3472 sed
678 3435 716 3473 ex
727 3416 899 3472 necessitate
908 3415 1027 3473 descen.
1079 3414 1286 3492 Chorepineopi
1301 3432 1418 3489 quoque
1429 3409 1465 3467 ad
1480 3428 1578 3467 exem·

454 3487 592 3551 ²0dit:
616 3496 670 3551 nisi
685 3496 762 3553 forte
774 3506 892 3573 propter
904 3516 1028 3573 sequens
1079 3495 1158 3573 plum
1174 3494 1290 3572 quidem
1313 3506 1343 3550 et
1360 3493 1483 3549 formam
1500 3492 1573 3566 Sep·

533 3575 660 3631 studium
683 3575 747 3651 ejus
769 3587 799 3632 et
822 3575 917 3642 fidem,
940 3588 1027 3653 atque
1078 3574 1441 3653 tuugintsvidenturesse:
1455 3581 1575 3628 utconr·

533 3654 679 3712 hominurn
702 3656 859 3722 raritatem,
874 3657 942 3714 talis
961 3677 1027 3735 pos·
1078 3656 1202 3713 ministri
1221 3666 1329 3722 autem,
1345 3663 1463 3732 propter
1483 3649 1577 3709 studi-

533 3735 569 3793 sit
582 3735 708 3794 admitti.
1079 3756 1127 3793 nm
1142 3735 1221 3812 qnod
1240 3755 1307 3812 erga
1328 3752 1470 3811 pauperes
1492 3729 1574 3788 exhi·

645 3881 798 3939 CANON
820 3882 911 3940 XIII·
1078 3817 1159 3883 bent,
1175 3817 1363 3874 honorentur.

465 3984 523 4051 25
572 3978 738 4055 Presbyteri
760 3979 835 4035 ruris
855 3980 885 4034 in
901 3979 1028 4037 ecelesia
1196 3959 1347 4018 CANON
1371 3957 1460 4014 XIV·

532 4058 665 4124 civitatis,
678 4059 814 4136 episcopo
825 4070 967 4136 presente
979 4058 1027 4117 vel
1120 4057 1244 4113 Diaconi
1259 4066 1367 4129 septem
1387 4052 1496 4109 debent
1512 4069 1575 4108 esse

533 4139 706 4216 presbyteris
721 4139 1027 4216 urbisipsius‚offerre
1074 4139 1162 4215 juxta
1185 4135 1323 4214 regulam.
1347 4133 1415 4191 licet
1440 4142 1470 4189 et
1495 4128 1576 4187 valde

532 4238 586 4275 non
602 4229 734 4296 possunt,
750 4238 802 4276 nec
822 4239 923 4296 panem
943 4241 1025 4277 sune·
1078 4237 1179 4294 magna
1196 4217 1234 4275 sit
1249 4215 1360 4272 civitas.
1383 4211 1514 4290 Idipsurn
1525 4228 1576 4267 au·

531 4298 670 4357 tifrcatum
683 4299 761 4364 dare,
774 4300 1026 4378 eolicemquepor.
1077 4310 1134 4357 tern
1158 4301 1286 4354 Actuum
1309 4292 1515 4374 Apostolorum
1538 4288 1574 4346 li·

479 4378 632 4456 30rigere.
657 4379 690 4437 Si
705 4399 772 4438 vero
786 4380 919 4438 absentes
932 4381 962 4437 hi
977 4381 1026 4437 fu·
1077 4379 1128 4437 ber
1142 4379 1281 4435 insinuat.

572 4495 637 4536 von.
655 4497 696 4538 rv.
1131 4497 1149 4535 n
1163 4473 1185 4535 b
