<?xml version="1.0" encoding="UTF-8"?>
<!DOCTYPE html PUBLIC "-//W3C//DTD XHTML 1.0 Transitional//EN"
    "http://www.w3.org/TR/xhtml1/DTD/xhtml1-transitional.dtd">
<html xmlns="http://www.w3.org/1999/xhtml" xml:lang="en" lang="en">
 <head>
  <title>
</title>
<meta http-equiv="Content-Type" content="text/html;charset=utf-8" />
  <meta name='ocr-system' content='tesseract 3.04.00' />
  <meta name='ocr-capabilities' content='ocr_page ocr_carea ocr_par ocr_line ocrx_word'/>
</head>
<body>
  <div class='ocr_page' id='page_1' title='image "./reliquiaesacrae03routgoog_0172.png"; bbox 0 0 4092 5150; ppageno 0'>
   <div class='ocr_carea' id='block_1_1' title="bbox 472 405 1310 475">
    <p class='ocr_par' dir='ltr' id='par_1_1' title="bbox 472 405 1310 475">
     <span class='ocr_line' id='line_1_1' title="bbox 472 405 1310 475; baseline -0.01 0"><span class='ocrx_word' id='word_1_1' title='bbox 472 411 536 475; x_wconf 87' lang='grc'><strong>156</strong></span> <span class='ocrx_word' id='word_1_2' title='bbox 658 411 660 416; x_wconf 77' lang='grc'>’</span> <span class='ocrx_word' id='word_1_3' title='bbox 803 405 1183 472; x_wconf 79' lang='lat' dir='ltr'><strong>ANNOTATIONES</strong></span> <span class='ocrx_word' id='word_1_4' title='bbox 1307 412 1310 417; x_wconf 82' lang='lat'><em>&#39;</em></span> 
     </span>
    </p>
   </div>
   <div class='ocr_carea' id='block_1_2' title="bbox 403 577 1520 4455">
    <p class='ocr_par' dir='ltr' id='par_1_2' title="bbox 403 577 1520 4455">
     <span class='ocr_line' id='line_1_2' title="bbox 472 577 1514 661; baseline -0.003 -17"><span class='ocrx_word' id='word_1_5' title='bbox 472 583 545 661; x_wconf 87' lang='grc' dir='ltr'>πρὸς</span> <span class='ocrx_word' id='word_1_6' title='bbox 559 581 625 647; x_wconf 82' lang='grc' dir='ltr'>τοὺς</span> <span class='ocrx_word' id='word_1_7' title='bbox 644 581 885 661; x_wconf 80' lang='grc' dir='ltr'>χωρεπισκόπους</span> <span class='ocrx_word' id='word_1_8' title='bbox 903 577 1066 655; x_wconf 75' lang='grc' dir='ltr'>ἐπιστολὴν</span> <span class='ocrx_word' id='word_1_9' title='bbox 1088 582 1140 640; x_wconf 81' lang='grc' dir='ltr'><strong>τοῦ</strong></span> <span class='ocrx_word' id='word_1_10' title='bbox 1159 577 1247 658; x_wconf 73' lang='grc' dir='ltr'>ἁγίου</span> <span class='ocrx_word' id='word_1_11' title='bbox 1264 577 1440 641; x_wconf 73' lang='grc' dir='ltr'>Βασιλείαν.</span> <span class='ocrx_word' id='word_1_12' title='bbox 1461 582 1514 641; x_wconf 83' lang='grc' dir='ltr'>διο·</span> 
     </span>
     <span class='ocr_line' id='line_1_3' title="bbox 469 677 1516 766; baseline -0.003 -19"><span class='ocrx_word' id='word_1_13' title='bbox 469 686 600 766; x_wconf 80' lang='grc' dir='ltr'>ρι’ζονται</span> <span class='ocrx_word' id='word_1_14' title='bbox 614 687 645 748; x_wconf 79' lang='grc' dir='ltr'><strong>δὲ</strong></span> <span class='ocrx_word' id='word_1_15' title='bbox 663 683 710 746; x_wconf 80' lang='grc' dir='ltr'><strong>καὶ</strong></span> <span class='ocrx_word' id='word_1_16' title='bbox 725 685 754 746; x_wconf 86' lang='lat' dir='ltr'><strong>ol</strong></span> <span class='ocrx_word' id='word_1_17' title='bbox 768 687 819 761; x_wconf 79' lang='grc' dir='ltr'>τῆς</span> <span class='ocrx_word' id='word_1_18' title='bbox 833 685 985 763; x_wconf 78' lang='grc' dir='ltr'>παρούσης</span> <span class='ocrx_word' id='word_1_19' title='bbox 999 681 1126 744; x_wconf 78' lang='grc' dir='ltr'>συνόδου</span> <span class='ocrx_word' id='word_1_20' title='bbox 1139 677 1275 759; x_wconf 75' lang='grc' dir='ltr'>πατέρες,</span> <span class='ocrx_word' id='word_1_21' title='bbox 1286 678 1327 757; x_wconf 70' lang='grc' dir='ltr'><strong>μὴ</strong></span> <span class='ocrx_word' id='word_1_22' title='bbox 1336 686 1516 762; x_wconf 74' lang='grc' dir='ltr'>χειροτονεῖν</span> 
     </span>
     <span class='ocr_line' id='line_1_4' title="bbox 470 780 1516 871; baseline -0.006 -21"><span class='ocrx_word' id='word_1_23' title='bbox 470 789 698 871; x_wconf 86' lang='grc' dir='ltr'>χωρεπίσκοπον</span> <span class='ocrx_word' id='word_1_24' title='bbox 719 785 941 867; x_wconf 72' lang='grc' dir='ltr'>πρεσβυτέρους</span> <span class='ocrx_word' id='word_1_25' title='bbox 961 783 980 863; x_wconf 77' lang='grc' dir='ltr'>ἢ</span> <span class='ocrx_word' id='word_1_26' title='bbox 1002 784 1155 848; x_wconf 74' lang='grc' dir='ltr'>διακόνους</span> <span class='ocrx_word' id='word_1_27' title='bbox 1173 781 1264 864; x_wconf 72' lang='grc' dir='ltr'>χωρὶς</span> <span class='ocrx_word' id='word_1_28' title='bbox 1285 780 1443 862; x_wconf 67' lang='grc' dir='ltr'>ἐγγράφου</span> <span class='ocrx_word' id='word_1_29' title='bbox 1460 783 1516 844; x_wconf 69' lang='grc' dir='ltr'><strong>ἔτι·</strong></span> 
     </span>
     <span class='ocr_line' id='line_1_5' title="bbox 471 885 1515 971; baseline -0.01 -18"><span class='ocrx_word' id='word_1_30' title='bbox 471 895 581 968; x_wconf 84' lang='grc' dir='ltr'>στολῆς</span> <span class='ocrx_word' id='word_1_31' title='bbox 590 894 641 953; x_wconf 85' lang='grc' dir='ltr'><strong>τοῦ</strong></span> <span class='ocrx_word' id='word_1_32' title='bbox 652 891 796 971; x_wconf 77' lang='grc' dir='ltr'>ἐγχωρίου</span> <span class='ocrx_word' id='word_1_33' title='bbox 808 889 979 959; x_wconf 77' lang='grc' dir='ltr'>ἐπισκόπου,</span> <span class='ocrx_word' id='word_1_34' title='bbox 990 887 1073 949; x_wconf 78' lang='grc' dir='ltr'>ἀλλὰ</span> <span class='ocrx_word' id='word_1_35' title='bbox 1086 885 1159 963; x_wconf 74' lang='grc' dir='ltr'>μηδὲ</span> <span class='ocrx_word' id='word_1_36' title='bbox 1174 885 1384 965; x_wconf 72' lang='grc' dir='ltr'>πρεσβύτερον</span> <span class='ocrx_word' id='word_1_37' title='bbox 1396 885 1515 950; x_wconf 77' lang='grc' dir='ltr'>πόλεως.</span> 
     </span>
     <span class='ocr_line' id='line_1_6' title="bbox 472 983 1518 1071; baseline -0.006 -17"><span class='ocrx_word' id='word_1_38' title='bbox 472 992 539 1071; x_wconf 82' lang='grc' dir='ltr'>περὶ</span> <span class='ocrx_word' id='word_1_39' title='bbox 552 990 654 1069; x_wconf 74' lang='grc' dir='ltr'>μέντοι</span> <span class='ocrx_word' id='word_1_40' title='bbox 669 995 720 1052; x_wconf 81' lang='grc' dir='ltr'><strong>τοῦ</strong></span> <span class='ocrx_word' id='word_1_41' title='bbox 736 992 881 1070; x_wconf 86' lang='grc' dir='ltr'>παρόντος</span> <span class='ocrx_word' id='word_1_42' title='bbox 904 988 1029 1053; x_wconf 88' lang='grc' dir='ltr'>κανόνος</span> <span class='ocrx_word' id='word_1_43' title='bbox 1048 986 1196 1065; x_wconf 81' lang='grc' dir='ltr'>ἠθέλομεν</span> <span class='ocrx_word' id='word_1_44' title='bbox 1218 983 1338 1066; x_wconf 70' lang='grc' dir='ltr'>γράψαι</span> <span class='ocrx_word' id='word_1_45' title='bbox 1356 985 1433 1048; x_wconf 76' lang='lat' dir='ltr'><strong>rard·</strong></span> <span class='ocrx_word' id='word_1_46' title='bbox 1459 987 1518 1048; x_wconf 70' lang='grc' dir='ltr'><strong>ἐπεὶ</strong></span> 
     </span>
     <span class='ocr_line' id='line_1_7' title="bbox 472 1085 1516 1173; baseline -0.003 -18"><span class='ocrx_word' id='word_1_47' title='bbox 472 1095 504 1155; x_wconf 67' lang='grc' dir='ltr'><strong>δὲ</strong></span> <span class='ocrx_word' id='word_1_48' title='bbox 529 1095 545 1154; x_wconf 87' lang='grc' dir='ltr'>ὁ</span> <span class='ocrx_word' id='word_1_49' title='bbox 571 1097 629 1154; x_wconf 82' lang='grc' dir='ltr'><strong>τῶν</strong></span> <span class='ocrx_word' id='word_1_50' title='bbox 651 1092 885 1173; x_wconf 82' lang='grc' dir='ltr'>χωρεπισκόπων</span> <span class='ocrx_word' id='word_1_51' title='bbox 909 1089 1027 1168; x_wconf 83' lang='grc' dir='ltr'>βαθμὸς</span> <span class='ocrx_word' id='word_1_52' title='bbox 1052 1092 1205 1153; x_wconf 80' lang='grc' dir='ltr'>παντελῶς</span> <span class='ocrx_word' id='word_1_53' title='bbox 1227 1085 1431 1166; x_wconf 68' lang='grc' dir='ltr'>ἡπρόατησεν,</span> <span class='ocrx_word' id='word_1_54' title='bbox 1453 1088 1516 1152; x_wconf 65' lang='lat' dir='ltr'><strong>otte</strong></span> 
     </span>
     <span class='ocr_line' id='line_1_8' title="bbox 472 1188 1516 1276; baseline -0.004 -17"><span class='ocrx_word' id='word_1_55' title='bbox 472 1197 555 1274; x_wconf 81' lang='grc' dir='ltr'>ἡμεῖς</span> <span class='ocrx_word' id='word_1_56' title='bbox 581 1197 817 1272; x_wconf 76' lang='grc' dir='ltr'>ματαιοπονῐγσαι</span> <span class='ocrx_word' id='word_1_57' title='bbox 846 1191 1047 1270; x_wconf 81' lang='grc' dir='ltr'>ἠθελήσαμεν.</span> <span class='ocrx_word' id='word_1_58' title='bbox 1102 1188 1245 1253; x_wconf 77' lang='lat' dir='ltr'><strong>Aristoni</strong></span> <span class='ocrx_word' id='word_1_59' title='bbox 1276 1189 1433 1254; x_wconf 69' lang='lat' dir='ltr'><strong>&amp;boilum</strong></span> <span class='ocrx_word' id='word_1_60' title='bbox 1453 1191 1516 1276; x_wconf 81' lang='lat' dir='ltr'><strong>jam</strong></span> 
     </span>
     <span class='ocr_line' id='line_1_9' title="bbox 472 1292 1517 1380; baseline -0.005 -18"><span class='ocrx_word' id='word_1_61' title='bbox 472 1297 567 1362; x_wconf 87' lang='lat' dir='ltr'><strong>attuli</strong></span> <span class='ocrx_word' id='word_1_62' title='bbox 589 1318 661 1380; x_wconf 84' lang='lat' dir='ltr'><strong>pag.</strong></span> <span class='ocrx_word' id='word_1_63' title='bbox 689 1313 758 1378; x_wconf 80' lang='lat'><strong>150.</strong></span> <span class='ocrx_word' id='word_1_64' title='bbox 804 1294 984 1358; x_wconf 80' lang='lat' dir='ltr'><strong>Addiderat</strong></span> <span class='ocrx_word' id='word_1_65' title='bbox 1007 1314 1081 1356; x_wconf 88' lang='lat' dir='ltr'><strong>vero</strong></span> <span class='ocrx_word' id='word_1_66' title='bbox 1103 1300 1137 1357; x_wconf 90' lang='lat' dir='ltr'><strong>et</strong></span> <span class='ocrx_word' id='word_1_67' title='bbox 1158 1293 1226 1356; x_wconf 81' lang='lat' dir='ltr'><strong>baec</strong></span> <span class='ocrx_word' id='word_1_68' title='bbox 1249 1292 1434 1369; x_wconf 86' lang='lat' dir='ltr'><strong>Aristonus,</strong></span> <span class='ocrx_word' id='word_1_69' title='bbox 1449 1303 1517 1380; x_wconf 85' lang='lat' dir='ltr'><strong>post</strong></span> 
     </span>
     <span class='ocr_line' id='line_1_10' title="bbox 403 1395 1517 1482; baseline -0.004 -19"><span class='ocrx_word' id='word_1_70' title='bbox 403 1413 408 1423; x_wconf 86' lang='grc'><em>·</em></span> <span class='ocrx_word' id='word_1_71' title='bbox 471 1400 628 1463; x_wconf 88' lang='lat' dir='ltr'><strong>adnotata</strong></span> <span class='ocrx_word' id='word_1_72' title='bbox 650 1398 800 1462; x_wconf 91' lang='lat' dir='ltr'><strong>nonnulla</strong></span> <span class='ocrx_word' id='word_1_73' title='bbox 821 1398 861 1461; x_wconf 89' lang='lat' dir='ltr'><strong>de</strong></span> <span class='ocrx_word' id='word_1_74' title='bbox 883 1399 1012 1463; x_wconf 83' lang='lat' dir='ltr'><strong>Oanoue</strong></span> <span class='ocrx_word' id='word_1_75' title='bbox 1028 1397 1074 1460; x_wconf 90' lang='lat' dir='ltr'><strong>X.</strong></span> <span class='ocrx_word' id='word_1_76' title='bbox 1095 1395 1225 1460; x_wconf 76' lang='lat' dir='ltr'><strong>Consilii</strong></span> <span class='ocrx_word' id='word_1_77' title='bbox 1241 1396 1386 1460; x_wconf 71' lang='lat' dir='ltr'><strong>Actiaci.</strong></span> <span class='ocrx_word' id='word_1_78' title='bbox 1401 1397 1517 1482; x_wconf 72' lang='lat' dir='ltr'><strong>Episto-</strong></span> 
     </span>
     <span class='ocr_line' id='line_1_11' title="bbox 472 1499 1518 1588; baseline -0.003 -23"><span class='ocrx_word' id='word_1_79' title='bbox 472 1503 566 1588; x_wconf 87' lang='lat' dir='ltr'><strong>lequs</strong></span> <span class='ocrx_word' id='word_1_80' title='bbox 582 1503 615 1566; x_wconf 89' lang='lat' dir='ltr'><strong>S.</strong></span> <span class='ocrx_word' id='word_1_81' title='bbox 634 1500 742 1566; x_wconf 90' lang='lat' dir='ltr'><strong>Basilii</strong></span> <span class='ocrx_word' id='word_1_82' title='bbox 760 1502 807 1565; x_wconf 92' lang='lat' dir='ltr'><strong>M.</strong></span> <span class='ocrx_word' id='word_1_83' title='bbox 819 1524 890 1587; x_wconf 83' lang='lat' dir='ltr'><strong>quae</strong></span> <span class='ocrx_word' id='word_1_84' title='bbox 901 1501 941 1564; x_wconf 90' lang='lat' dir='ltr'><strong>de</strong></span> <span class='ocrx_word' id='word_1_85' title='bbox 956 1499 1198 1584; x_wconf 78' lang='lat' dir='ltr'><strong>Chorepiscopis</strong></span> <span class='ocrx_word' id='word_1_86' title='bbox 1213 1506 1274 1572; x_wconf 88' lang='lat' dir='ltr'><strong>est,</strong></span> <span class='ocrx_word' id='word_1_87' title='bbox 1291 1501 1518 1579; x_wconf 78' lang='grc' dir='ltr'>Χωρεπόσκοποι</span> 
     </span>
     <span class='ocr_line' id='line_1_12' title="bbox 473 1602 1518 1684; baseline -0.001 -16"><span class='ocrx_word' id='word_1_88' title='bbox 473 1605 506 1668; x_wconf 78' lang='grc' dir='ltr'><strong>δέ</strong></span> <span class='ocrx_word' id='word_1_89' title='bbox 522 1609 609 1680; x_wconf 83' lang='grc' dir='ltr'>εἰσιν,</span> <span class='ocrx_word' id='word_1_90' title='bbox 624 1606 653 1667; x_wconf 87' lang='lat' dir='ltr'><strong>el</strong></span> <span class='ocrx_word' id='word_1_91' title='bbox 667 1604 797 1684; x_wconf 85' lang='grc' dir='ltr'>σήμερον</span> <span class='ocrx_word' id='word_1_92' title='bbox 818 1606 851 1667; x_wconf 74' lang='grc' dir='ltr'><strong>ἐν</strong></span> <span class='ocrx_word' id='word_1_93' title='bbox 872 1609 936 1670; x_wconf 80' lang='grc' dir='ltr'>ταῖς</span> <span class='ocrx_word' id='word_1_94' title='bbox 959 1605 1066 1682; x_wconf 82' lang='grc' dir='ltr'>κόμαις</span> <span class='ocrx_word' id='word_1_95' title='bbox 1089 1603 1135 1666; x_wconf 80' lang='grc' dir='ltr'><strong>καὶ</strong></span> <span class='ocrx_word' id='word_1_96' title='bbox 1157 1603 1267 1684; x_wconf 75' lang='grc' dir='ltr'>χώραις</span> <span class='ocrx_word' id='word_1_97' title='bbox 1288 1602 1518 1683; x_wconf 84' lang='grc' dir='ltr'>πρωτοπαπόδες</span> 
     </span>
     <span class='ocr_line' id='line_1_13' title="bbox 472 1701 1518 1787; baseline 0.001 -23"><span class='ocrx_word' id='word_1_98' title='bbox 472 1704 639 1783; x_wconf 83' lang='grc' dir='ltr'>λεγόμενοι.</span> <span class='ocrx_word' id='word_1_99' title='bbox 687 1702 834 1767; x_wconf 85' lang='lat' dir='ltr'><strong>Balsamo</strong></span> <span class='ocrx_word' id='word_1_100' title='bbox 863 1711 983 1778; x_wconf 90' lang='lat' dir='ltr'><strong>autem,</strong></span> <span class='ocrx_word' id='word_1_101' title='bbox 1005 1724 1068 1786; x_wconf 92' lang='lat' dir='ltr'><strong>quo</strong></span> <span class='ocrx_word' id='word_1_102' title='bbox 1092 1702 1186 1787; x_wconf 87' lang='lat' dir='ltr'><strong>paulo</strong></span> <span class='ocrx_word' id='word_1_103' title='bbox 1211 1702 1427 1787; x_wconf 79' lang='lat' dir='ltr'><strong>antiquiorem</strong></span> <span class='ocrx_word' id='word_1_104' title='bbox 1448 1701 1518 1765; x_wconf 79' lang='lat' dir='ltr'><strong>Ari·</strong></span> 
     </span>
     <span class='ocr_line' id='line_1_14' title="bbox 472 1804 1517 1889; baseline 0.002 -23"><span class='ocrx_word' id='word_1_105' title='bbox 472 1811 597 1867; x_wconf 86' lang='lat' dir='ltr'><strong>stonum</strong></span> <span class='ocrx_word' id='word_1_106' title='bbox 606 1804 701 1867; x_wconf 85' lang='lat' dir='ltr'><strong>luisse</strong></span> <span class='ocrx_word' id='word_1_107' title='bbox 711 1812 819 1868; x_wconf 88' lang='lat' dir='ltr'><strong>censet</strong></span> <span class='ocrx_word' id='word_1_108' title='bbox 831 1804 1031 1889; x_wconf 85' lang='lat' dir='ltr'><strong>Bcveregius,</strong></span> <span class='ocrx_word' id='word_1_109' title='bbox 1047 1804 1310 1868; x_wconf 89' lang='lat' dir='ltr'><strong>commentarium</strong></span> <span class='ocrx_word' id='word_1_110' title='bbox 1326 1826 1421 1868; x_wconf 90' lang='lat' dir='ltr'><strong>suum</strong></span> <span class='ocrx_word' id='word_1_111' title='bbox 1435 1827 1517 1869; x_wconf 86' lang='lat' dir='ltr'><strong>seue·</strong></span> 
     </span>
     <span class='ocr_line' id='line_1_15' title="bbox 472 1906 1517 1991; baseline 0 -22"><span class='ocrx_word' id='word_1_112' title='bbox 472 1915 579 1971; x_wconf 77' lang='lat' dir='ltr'><strong>scente</strong></span> <span class='ocrx_word' id='word_1_113' title='bbox 602 1908 717 1971; x_wconf 86' lang='lat' dir='ltr'><strong>saeculo</strong></span> <span class='ocrx_word' id='word_1_114' title='bbox 737 1906 923 1970; x_wconf 86' lang='lat' dir='ltr'><strong>duodecimo</strong></span> <span class='ocrx_word' id='word_1_115' title='bbox 943 1906 1104 1991; x_wconf 77' lang='lat' dir='ltr'><strong>scripsisse</strong></span> <span class='ocrx_word' id='word_1_116' title='bbox 1127 1907 1169 1970; x_wconf 87' lang='lat' dir='ltr'><strong>ab</strong></span> <span class='ocrx_word' id='word_1_117' title='bbox 1194 1906 1307 1970; x_wconf 84' lang='lat' dir='ltr'><strong>eodem</strong></span> <span class='ocrx_word' id='word_1_118' title='bbox 1331 1907 1517 1972; x_wconf 71' lang='lat' dir='ltr'><strong>ostenditur.</strong></span> 
     </span>
     <span class='ocr_line' id='line_1_16' title="bbox 474 2008 1517 2095; baseline 0.001 -25"><span class='ocrx_word' id='word_1_119' title='bbox 474 2008 543 2071; x_wconf 89' lang='lat' dir='ltr'><strong>Vid.</strong></span> <span class='ocrx_word' id='word_1_120' title='bbox 561 2009 789 2095; x_wconf 87' lang='lat' dir='ltr'><strong>Prolegomcna</strong></span> <span class='ocrx_word' id='word_1_121' title='bbox 804 2010 961 2092; x_wconf 73' lang='lat' dir='ltr'><strong>Sprwdici‚</strong></span> <span class='ocrx_word' id='word_1_122' title='bbox 977 2011 1006 2091; x_wconf 63' lang='grc' dir='ltr'><strong>ξ.</strong></span> <span class='ocrx_word' id='word_1_123' title='bbox 1018 2010 1081 2072; x_wconf 88' lang='lat' dir='ltr'><strong>xiv.</strong></span> <span class='ocrx_word' id='word_1_124' title='bbox 1097 2032 1126 2095; x_wconf 91' lang='lat' dir='ltr'><strong>p.</strong></span> <span class='ocrx_word' id='word_1_125' title='bbox 1141 2032 1170 2072; x_wconf 82' lang='lat' dir='ltr'><strong>x.</strong></span> <span class='ocrx_word' id='word_1_126' title='bbox 1186 2018 1220 2073; x_wconf 87' lang='lat' dir='ltr'><strong>et</strong></span> <span class='ocrx_word' id='word_1_127' title='bbox 1230 2010 1259 2090; x_wconf 63' lang='grc' dir='ltr'><strong>ξ.</strong></span> <span class='ocrx_word' id='word_1_128' title='bbox 1273 2009 1381 2074; x_wconf 80' lang='lat' dir='ltr'><strong>xxviii.</strong></span> <span class='ocrx_word' id='word_1_129' title='bbox 1393 2033 1427 2095; x_wconf 88' lang='lat' dir='ltr'><strong>p.</strong></span> <span class='ocrx_word' id='word_1_130' title='bbox 1439 2010 1517 2073; x_wconf 76' lang='lat' dir='ltr'><strong>xviii.</strong></span> 
     </span>
     <span class='ocr_line' id='line_1_17' title="bbox 474 2111 1518 2197; baseline 0.001 -23"><span class='ocrx_word' id='word_1_131' title='bbox 474 2113 604 2176; x_wconf 88' lang='lat' dir='ltr'><strong>Interea</strong></span> <span class='ocrx_word' id='word_1_132' title='bbox 625 2122 811 2197; x_wconf 86' lang='lat' dir='ltr'><strong>protopapae</strong></span> <span class='ocrx_word' id='word_1_133' title='bbox 834 2113 920 2194; x_wconf 92' lang='lat' dir='ltr'><strong>apud</strong></span> <span class='ocrx_word' id='word_1_134' title='bbox 939 2114 1067 2176; x_wconf 76' lang='lat' dir='ltr'><strong>Graecos</strong></span> <span class='ocrx_word' id='word_1_135' title='bbox 1089 2132 1162 2187; x_wconf 90' lang='lat' dir='ltr'><strong>non,</strong></span> <span class='ocrx_word' id='word_1_136' title='bbox 1181 2122 1218 2175; x_wconf 91' lang='lat' dir='ltr'><strong>ut</strong></span> <span class='ocrx_word' id='word_1_137' title='bbox 1240 2111 1365 2195; x_wconf 83' lang='lat' dir='ltr'><strong>priores</strong></span> <span class='ocrx_word' id='word_1_138' title='bbox 1380 2113 1518 2196; x_wconf 89' lang='lat' dir='ltr'><strong>chorepi-</strong></span> 
     </span>
     <span class='ocr_line' id='line_1_18' title="bbox 473 2213 1518 2300; baseline 0.002 -22"><span class='ocrx_word' id='word_1_139' title='bbox 473 2215 571 2299; x_wconf 90' lang='lat' dir='ltr'><strong>scopi,</strong></span> <span class='ocrx_word' id='word_1_140' title='bbox 587 2216 651 2279; x_wconf 86' lang='lat' dir='ltr'><strong>veri</strong></span> <span class='ocrx_word' id='word_1_141' title='bbox 667 2216 804 2300; x_wconf 82' lang='lat' dir='ltr'><strong>episcopi</strong></span> <span class='ocrx_word' id='word_1_142' title='bbox 820 2216 970 2279; x_wconf 81' lang='lat' dir='ltr'><strong>existunt.</strong></span> <span class='ocrx_word' id='word_1_143' title='bbox 1019 2215 1100 2278; x_wconf 75' lang='lat' dir='ltr'><strong>(lum</strong></span> <span class='ocrx_word' id='word_1_144' title='bbox 1112 2236 1186 2278; x_wconf 87' lang='lat' dir='ltr'><strong>vere</strong></span> <span class='ocrx_word' id='word_1_145' title='bbox 1200 2213 1285 2277; x_wconf 89' lang='lat' dir='ltr'><strong>inter</strong></span> <span class='ocrx_word' id='word_1_146' title='bbox 1299 2213 1436 2280; x_wconf 86' lang='lat' dir='ltr'><strong>Latinos</strong></span> <span class='ocrx_word' id='word_1_147' title='bbox 1451 2216 1518 2280; x_wconf 90' lang='lat' dir='ltr'><strong>cbo·</strong></span> 
     </span>
     <span class='ocr_line' id='line_1_19' title="bbox 473 2315 1518 2403; baseline 0.003 -24"><span class='ocrx_word' id='word_1_148' title='bbox 473 2319 709 2402; x_wconf 90' lang='lat' dir='ltr'><strong>rcpiscoporum</strong></span> <span class='ocrx_word' id='word_1_149' title='bbox 719 2319 798 2382; x_wconf 92' lang='lat' dir='ltr'><strong>ordo</strong></span> <span class='ocrx_word' id='word_1_150' title='bbox 807 2316 861 2380; x_wconf 93' lang='lat' dir='ltr'><strong>diu</strong></span> <span class='ocrx_word' id='word_1_151' title='bbox 870 2325 1017 2403; x_wconf 88' lang='lat' dir='ltr'><strong>receptus</strong></span> <span class='ocrx_word' id='word_1_152' title='bbox 1028 2324 1122 2394; x_wconf 89' lang='lat' dir='ltr'><strong>esset,</strong></span> <span class='ocrx_word' id='word_1_153' title='bbox 1133 2315 1247 2380; x_wconf 86' lang='lat' dir='ltr'><strong>saeculo</strong></span> <span class='ocrx_word' id='word_1_154' title='bbox 1259 2316 1429 2382; x_wconf 90' lang='lat' dir='ltr'><strong>undecimo</strong></span> <span class='ocrx_word' id='word_1_155' title='bbox 1441 2317 1518 2382; x_wconf 91' lang='lat' dir='ltr'><strong>idem</strong></span> 
     </span>
     <span class='ocr_line' id='line_1_20' title="bbox 473 2417 1518 2506; baseline 0.002 -23"><span class='ocrx_word' id='word_1_156' title='bbox 473 2419 577 2483; x_wconf 87' lang='lat' dir='ltr'><strong>adhuc</strong></span> <span class='ocrx_word' id='word_1_157' title='bbox 594 2420 802 2505; x_wconf 85' lang='lat' dir='ltr'><strong>permansisse</strong></span> <span class='ocrx_word' id='word_1_158' title='bbox 824 2430 921 2506; x_wconf 90' lang='lat' dir='ltr'><strong>atque</strong></span> <span class='ocrx_word' id='word_1_159' title='bbox 943 2420 1087 2484; x_wconf 87' lang='lat' dir='ltr'><strong>extitisse</strong></span> <span class='ocrx_word' id='word_1_160' title='bbox 1105 2419 1138 2482; x_wconf 91' lang='lat' dir='ltr'><strong>in</strong></span> <span class='ocrx_word' id='word_1_161' title='bbox 1156 2417 1276 2503; x_wconf 86' lang='lat' dir='ltr'><strong>Anglia</strong></span> <span class='ocrx_word' id='word_1_162' title='bbox 1294 2419 1445 2496; x_wconf 88' lang='lat' dir='ltr'><strong>videtur;</strong></span> <span class='ocrx_word' id='word_1_163' title='bbox 1469 2421 1518 2485; x_wconf 88' lang='lat' dir='ltr'><strong>sed</strong></span> 
     </span>
     <span class='ocr_line' id='line_1_21' title="bbox 473 2522 1518 2610; baseline 0 -23"><span class='ocrx_word' id='word_1_164' title='bbox 473 2523 768 2610; x_wconf 86' lang='lat' dir='ltr'><strong>tamenaprimaevo</strong></span> <span class='ocrx_word' id='word_1_165' title='bbox 778 2523 888 2587; x_wconf 89' lang='lat' dir='ltr'><strong>ordine</strong></span> <span class='ocrx_word' id='word_1_166' title='bbox 899 2522 1194 2608; x_wconf 89' lang='lat' dir='ltr'><strong>chorepiscoporum</strong></span> <span class='ocrx_word' id='word_1_167' title='bbox 1205 2522 1296 2586; x_wconf 86' lang='lat' dir='ltr'><strong>valde</strong></span> <span class='ocrx_word' id='word_1_168' title='bbox 1305 2530 1464 2600; x_wconf 88' lang='lat' dir='ltr'><strong>mutatus,</strong></span> <span class='ocrx_word' id='word_1_169' title='bbox 1472 2523 1518 2609; x_wconf 89' lang='lat' dir='ltr'><strong>qui</strong></span> 
     </span>
     <span class='ocr_line' id='line_1_22' title="bbox 473 2625 1518 2711; baseline 0 -22"><span class='ocrx_word' id='word_1_170' title='bbox 473 2627 611 2711; x_wconf 83' lang='lat' dir='ltr'><strong>episcopi</strong></span> <span class='ocrx_word' id='word_1_171' title='bbox 626 2627 755 2703; x_wconf 82' lang='lat' dir='ltr'><strong>rurales,</strong></span> <span class='ocrx_word' id='word_1_172' title='bbox 768 2627 869 2711; x_wconf 85' lang='lat' dir='ltr'><strong>magis</strong></span> <span class='ocrx_word' id='word_1_173' title='bbox 883 2648 976 2711; x_wconf 90' lang='lat' dir='ltr'><strong>quam</strong></span> <span class='ocrx_word' id='word_1_174' title='bbox 989 2626 1208 2711; x_wconf 84' lang='lat' dir='ltr'><strong>episcoporum</strong></span> <span class='ocrx_word' id='word_1_175' title='bbox 1223 2625 1408 2690; x_wconf 87' lang='lat' dir='ltr'><strong>urbicorum</strong></span> <span class='ocrx_word' id='word_1_176' title='bbox 1418 2627 1518 2691; x_wconf 84' lang='lat' dir='ltr'><strong>vicarii</strong></span> 
     </span>
     <span class='ocr_line' id='line_1_23' title="bbox 473 2727 1518 2813; baseline 0 -23"><span class='ocrx_word' id='word_1_177' title='bbox 473 2729 610 2791; x_wconf 85' lang='lat' dir='ltr'><strong>fuerunt.</strong></span> <span class='ocrx_word' id='word_1_178' title='bbox 656 2730 798 2793; x_wconf 82' lang='lat' dir='ltr'><strong>Posteris</strong></span> <span class='ocrx_word' id='word_1_179' title='bbox 815 2729 1021 2813; x_wconf 88' lang='lat' dir='ltr'><strong>temporibus,</strong></span> <span class='ocrx_word' id='word_1_180' title='bbox 1046 2729 1201 2792; x_wconf 85' lang='lat' dir='ltr'><strong>referente</strong></span> <span class='ocrx_word' id='word_1_181' title='bbox 1224 2727 1269 2790; x_wconf 92' lang='lat' dir='ltr'><strong>H.</strong></span> <span class='ocrx_word' id='word_1_182' title='bbox 1286 2727 1473 2792; x_wconf 83' lang='lat' dir='ltr'><strong>Whartono</strong></span> <span class='ocrx_word' id='word_1_183' title='bbox 1491 2729 1518 2791; x_wconf 92' lang='lat' dir='ltr'><strong>iu</strong></span> 
     </span>
     <span class='ocr_line' id='line_1_24' title="bbox 474 2830 1518 2917; baseline -0.001 -24"><span class='ocrx_word' id='word_1_184' title='bbox 474 2831 555 2893; x_wconf 86' lang='lat' dir='ltr'><strong>libre</strong></span> <span class='ocrx_word' id='word_1_185' title='bbox 576 2833 625 2894; x_wconf 81' lang='lat' dir='ltr'><strong>De</strong></span> <span class='ocrx_word' id='word_1_186' title='bbox 646 2833 805 2917; x_wconf 68' lang='lat' dir='ltr'><strong>prccpis</strong></span> <span class='ocrx_word' id='word_1_187' title='bbox 827 2830 1066 2895; x_wconf 72' lang='lat' dir='ltr'><strong>Lmadirwnsidcs</strong></span> <span class='ocrx_word' id='word_1_188' title='bbox 1090 2833 1145 2894; x_wconf 74' lang='lat' dir='ltr'><strong>bc.</strong></span> <span class='ocrx_word' id='word_1_189' title='bbox 1170 2852 1201 2912; x_wconf 92' lang='lat' dir='ltr'><strong>p.</strong></span> <span class='ocrx_word' id='word_1_190' title='bbox 1222 2849 1292 2907; x_wconf 84' lang='lat'><strong>¹24·</strong></span> <span class='ocrx_word' id='word_1_191' title='bbox 1315 2851 1518 2914; x_wconf 81' lang='lat' dir='ltr'><strong>anno.1331.</strong></span> 
     </span>
     <span class='ocr_line' id='line_1_25' title="bbox 474 2932 1518 3019; baseline -0.001 -22"><span class='ocrx_word' id='word_1_192' title='bbox 474 2934 627 3018; x_wconf 85' lang='lat' dir='ltr'><strong>Stephani</strong></span> <span class='ocrx_word' id='word_1_193' title='bbox 663 2936 800 3019; x_wconf 84' lang='lat' dir='ltr'><strong>episcopi</strong></span> <span class='ocrx_word' id='word_1_194' title='bbox 834 2934 1086 3019; x_wconf 81' lang='lat' dir='ltr'><strong>chorepiscopus,</strong></span> <span class='ocrx_word' id='word_1_195' title='bbox 1117 2955 1172 2996; x_wconf 92' lang='lat' dir='ltr'><strong>seu</strong></span> <span class='ocrx_word' id='word_1_196' title='bbox 1204 2932 1434 3017; x_wconf 83' lang='lat' dir='ltr'><strong>suffraganeus,</strong></span> <span class='ocrx_word' id='word_1_197' title='bbox 1465 2934 1518 2997; x_wconf 85' lang='lat' dir='ltr'><strong>fuit</strong></span> 
     </span>
     <span class='ocr_line' id='line_1_26' title="bbox 475 3034 1519 3120; baseline -0.002 -21"><span class='ocrx_word' id='word_1_198' title='bbox 475 3038 591 3101; x_wconf 88' lang='lat' dir='ltr'><strong>Petrus</strong></span> <span class='ocrx_word' id='word_1_199' title='bbox 614 3036 836 3112; x_wconf 77' lang='lat' dir='ltr'><strong>(lorbanonsis,</strong></span> <span class='ocrx_word' id='word_1_200' title='bbox 858 3037 906 3100; x_wconf 88' lang='lat' dir='ltr'><strong>vel</strong></span> <span class='ocrx_word' id='word_1_201' title='bbox 929 3036 1162 3112; x_wconf 87' lang='lat' dir='ltr'><strong>Corbariensis,</strong></span> <span class='ocrx_word' id='word_1_202' title='bbox 1186 3034 1239 3118; x_wconf 93' lang='lat' dir='ltr'><strong>qui</strong></span> <span class='ocrx_word' id='word_1_203' title='bbox 1261 3034 1439 3099; x_wconf 90' lang='lat' dir='ltr'><strong>multorum</strong></span> <span class='ocrx_word' id='word_1_204' title='bbox 1462 3036 1519 3120; x_wconf 88' lang='lat' dir='ltr'><strong>epi-</strong></span> 
     </span>
     <span class='ocr_line' id='line_1_27' title="bbox 473 3137 1518 3223; baseline -0.001 -22"><span class='ocrx_word' id='word_1_205' title='bbox 473 3161 639 3222; x_wconf 88' lang='lat' dir='ltr'><strong>scoporum</strong></span> <span class='ocrx_word' id='word_1_206' title='bbox 656 3140 823 3223; x_wconf 82' lang='lat' dir='ltr'><strong>provincioe</strong></span> <span class='ocrx_word' id='word_1_207' title='bbox 839 3138 1077 3203; x_wconf 82' lang='lat' dir='ltr'><strong>(lantuariensis</strong></span> <span class='ocrx_word' id='word_1_208' title='bbox 1092 3138 1258 3223; x_wconf 89' lang='lat' dir='ltr'><strong>supplebat</strong></span> <span class='ocrx_word' id='word_1_209' title='bbox 1274 3137 1423 3215; x_wconf 87' lang='lat' dir='ltr'><strong>officinm,</strong></span> <span class='ocrx_word' id='word_1_210' title='bbox 1435 3139 1466 3202; x_wconf 94' lang='lat' dir='ltr'><strong>in</strong></span> <span class='ocrx_word' id='word_1_211' title='bbox 1476 3160 1518 3201; x_wconf 91' lang='lat' dir='ltr'><strong>or-</strong></span> 
     </span>
     <span class='ocr_line' id='line_1_28' title="bbox 474 3239 1519 3323; baseline 0 -20"><span class='ocrx_word' id='word_1_212' title='bbox 474 3241 600 3304; x_wconf 90' lang='lat' dir='ltr'><strong>dinibus</strong></span> <span class='ocrx_word' id='word_1_213' title='bbox 615 3242 821 3319; x_wconf 86' lang='lat' dir='ltr'><strong>celebrandis,</strong></span> <span class='ocrx_word' id='word_1_214' title='bbox 834 3242 972 3306; x_wconf 83' lang='lat' dir='ltr'><strong>ecclesiis</strong></span> <span class='ocrx_word' id='word_1_215' title='bbox 984 3241 1177 3316; x_wconf 87' lang='lat' dir='ltr'><strong>dedicandis,</strong></span> <span class='ocrx_word' id='word_1_216' title='bbox 1186 3239 1364 3323; x_wconf 90' lang='lat' dir='ltr'><strong>ceterisque</strong></span> <span class='ocrx_word' id='word_1_217' title='bbox 1379 3242 1519 3303; x_wconf 91' lang='lat' dir='ltr'><strong>omnibus</strong></span> 
     </span>
     <span class='ocr_line' id='line_1_29' title="bbox 474 3340 1519 3428; baseline 0 -23"><span class='ocrx_word' id='word_1_218' title='bbox 474 3342 516 3405; x_wconf 89' lang='lat' dir='ltr'><strong>ad</strong></span> <span class='ocrx_word' id='word_1_219' title='bbox 546 3343 754 3406; x_wconf 87' lang='lat' dir='ltr'><strong>ministerium</strong></span> <span class='ocrx_word' id='word_1_220' title='bbox 783 3344 920 3428; x_wconf 87' lang='lat' dir='ltr'><strong>episcopi</strong></span> <span class='ocrx_word' id='word_1_221' title='bbox 950 3342 1176 3427; x_wconf 86' lang='lat' dir='ltr'><strong>spectantibus.</strong></span> <span class='ocrx_word' id='word_1_222' title='bbox 1222 3340 1267 3404; x_wconf 87' lang='lat' dir='ltr'><strong>Et</strong></span> <span class='ocrx_word' id='word_1_223' title='bbox 1294 3340 1326 3403; x_wconf 93' lang='lat' dir='ltr'><strong>hi</strong></span> <span class='ocrx_word' id='word_1_224' title='bbox 1354 3364 1464 3405; x_wconf 93' lang='lat' dir='ltr'><strong>omnes</strong></span> <span class='ocrx_word' id='word_1_225' title='bbox 1487 3343 1519 3405; x_wconf 88' lang='lat' dir='ltr'><strong>iis</strong></span> 
     </span>
     <span class='ocr_line' id='line_1_30' title="bbox 474 3444 1519 3531; baseline 0 -24"><span class='ocrx_word' id='word_1_226' title='bbox 474 3446 853 3531; x_wconf 82' lang='lat' dir='ltr'><strong>temporibusepiscopiia</strong></span> <span class='ocrx_word' id='word_1_227' title='bbox 855 3445 1000 3531; x_wconf 70' lang='lat' dir='ltr'><strong>panidos</strong></span> <span class='ocrx_word' id='word_1_228' title='bbox 1009 3444 1159 3530; x_wconf 87' lang='lat' dir='ltr'><strong>appellari</strong></span> <span class='ocrx_word' id='word_1_229' title='bbox 1170 3444 1519 3521; x_wconf 88' lang='lat' dir='ltr'><strong>consueverunt,duetis</strong></span> 
     </span>
     <span class='ocr_line' id='line_1_31' title="bbox 473 3546 1519 3633; baseline -0.001 -23"><span class='ocrx_word' id='word_1_230' title='bbox 473 3546 575 3610; x_wconf 86' lang='lat' dir='ltr'><strong>titulis</strong></span> <span class='ocrx_word' id='word_1_231' title='bbox 594 3549 636 3611; x_wconf 89' lang='lat' dir='ltr'><strong>ab</strong></span> <span class='ocrx_word' id='word_1_232' title='bbox 658 3558 841 3612; x_wconf 89' lang='lat' dir='ltr'><strong>exterarum</strong></span> <span class='ocrx_word' id='word_1_233' title='bbox 863 3549 1005 3633; x_wconf 86' lang='lat' dir='ltr'><strong>gentium</strong></span> <span class='ocrx_word' id='word_1_234' title='bbox 1026 3549 1157 3611; x_wconf 84' lang='lat' dir='ltr'><strong>urbibus</strong></span> <span class='ocrx_word' id='word_1_235' title='bbox 1177 3555 1211 3610; x_wconf 91' lang='lat' dir='ltr'><strong>et</strong></span> <span class='ocrx_word' id='word_1_236' title='bbox 1231 3547 1365 3630; x_wconf 91' lang='lat' dir='ltr'><strong>oppidis.</strong></span> <span class='ocrx_word' id='word_1_237' title='bbox 1435 3547 1519 3612; x_wconf 88' lang='lat' dir='ltr'><strong>Inter</strong></span> 
     </span>
     <span class='ocr_line' id='line_1_32' title="bbox 474 3650 1519 3736; baseline 0.001 -25"><span class='ocrx_word' id='word_1_238' title='bbox 474 3650 596 3713; x_wconf 82' lang='lat' dir='ltr'><strong>codices</strong></span> <span class='ocrx_word' id='word_1_239' title='bbox 626 3672 751 3734; x_wconf 92' lang='lat' dir='ltr'><strong>quoquo</strong></span> <span class='ocrx_word' id='word_1_240' title='bbox 778 3652 917 3716; x_wconf 89' lang='lat' dir='ltr'><strong>MSStos</strong></span> <span class='ocrx_word' id='word_1_241' title='bbox 943 3651 1149 3716; x_wconf 77' lang='lat' dir='ltr'><strong>Bibliothecae</strong></span> <span class='ocrx_word' id='word_1_242' title='bbox 1178 3650 1419 3725; x_wconf 84' lang='lat' dir='ltr'><strong>Lambothonae,</strong></span> <span class='ocrx_word' id='word_1_243' title='bbox 1444 3671 1519 3736; x_wconf 89' lang='lat' dir='ltr'><strong>quos</strong></span> 
     </span>
     <span class='ocr_line' id='line_1_33' title="bbox 474 3752 1518 3838; baseline 0.001 -24"><span class='ocrx_word' id='word_1_244' title='bbox 474 3753 593 3836; x_wconf 90' lang='lat' dir='ltr'><strong>primus</strong></span> <span class='ocrx_word' id='word_1_245' title='bbox 613 3754 751 3816; x_wconf 91' lang='lat' dir='ltr'><strong>omnium</strong></span> <span class='ocrx_word' id='word_1_246' title='bbox 775 3756 843 3818; x_wconf 90' lang='lat' dir='ltr'><strong>orbi</strong></span> <span class='ocrx_word' id='word_1_247' title='bbox 867 3762 961 3818; x_wconf 93' lang='lat' dir='ltr'><strong>notes</strong></span> <span class='ocrx_word' id='word_1_248' title='bbox 978 3754 1054 3818; x_wconf 84' lang='lat' dir='ltr'><strong>fecit</strong></span> <span class='ocrx_word' id='word_1_249' title='bbox 1077 3754 1234 3817; x_wconf 88' lang='lat' dir='ltr'><strong>Suttonus</strong></span> <span class='ocrx_word' id='word_1_250' title='bbox 1255 3752 1518 3838; x_wconf 86' lang='lat' dir='ltr'><strong>archiepiscopus,</strong></span> 
     </span>
     <span class='ocr_line' id='line_1_34' title="bbox 475 3854 1519 3931; baseline 0.002 -14"><span class='ocrx_word' id='word_1_251' title='bbox 475 3876 545 3917; x_wconf 92' lang='lat' dir='ltr'><strong>cum</strong></span> <span class='ocrx_word' id='word_1_252' title='bbox 576 3878 740 3919; x_wconf 90' lang='lat' dir='ltr'><strong>numerum</strong></span> <span class='ocrx_word' id='word_1_253' title='bbox 769 3879 879 3920; x_wconf 89' lang='lat' dir='ltr'><strong>eorum</strong></span> <span class='ocrx_word' id='word_1_254' title='bbox 908 3855 1197 3920; x_wconf 83' lang='lat' dir='ltr'><strong>munificentissime</strong></span> <span class='ocrx_word' id='word_1_255' title='bbox 1226 3854 1379 3931; x_wconf 81' lang='lat' dir='ltr'><strong>auxisset,</strong></span> <span class='ocrx_word' id='word_1_256' title='bbox 1411 3865 1519 3919; x_wconf 80' lang='lat' dir='ltr'><strong>extare</strong></span> 
     </span>
     <span class='ocr_line' id='line_1_35' title="bbox 474 3957 1520 4044; baseline 0.002 -26"><span class='ocrx_word' id='word_1_257' title='bbox 474 3957 591 4020; x_wconf 89' lang='lat' dir='ltr'><strong>dicitur</strong></span> <span class='ocrx_word' id='word_1_258' title='bbox 614 3979 685 4043; x_wconf 87' lang='lat' dir='ltr'><strong>pag.</strong></span> <span class='ocrx_word' id='word_1_259' title='bbox 713 3959 766 4021; x_wconf 91' lang='lat'><strong>80.</strong></span> <span class='ocrx_word' id='word_1_260' title='bbox 798 3958 945 4044; x_wconf 74' lang='lat' dir='ltr'><strong>Catelopi,</strong></span> <span class='ocrx_word' id='word_1_261' title='bbox 973 3958 1135 4021; x_wconf 71' lang='lat' dir='ltr'><strong>[adiectus</strong></span> <span class='ocrx_word' id='word_1_262' title='bbox 1160 3957 1445 4041; x_wconf 71' lang='lat' dir='ltr'><strong>Ctorepiaeoporum</strong></span> <span class='ocrx_word' id='word_1_263' title='bbox 1471 3978 1520 4020; x_wconf 81' lang='lat' dir='ltr'><strong>sea</strong></span> 
     </span>
     <span class='ocr_line' id='line_1_36' title="bbox 475 4060 1518 4148; baseline 0.001 -26"><span class='ocrx_word' id='word_1_264' title='bbox 475 4062 742 4144; x_wconf 71' lang='lat' dir='ltr'><strong>Scffropaaeerem</strong></span> <span class='ocrx_word' id='word_1_265' title='bbox 775 4063 915 4148; x_wconf 81' lang='lat' dir='ltr'><strong>Episccp.</strong></span> <span class='ocrx_word' id='word_1_266' title='bbox 953 4062 1089 4126; x_wconf 79' lang='lat' dir='ltr'><strong>Diooeeis</strong></span> <span class='ocrx_word' id='word_1_267' title='bbox 1122 4062 1267 4125; x_wconf 73' lang='lat' dir='ltr'><strong>Cantator.</strong></span> <span class='ocrx_word' id='word_1_268' title='bbox 1306 4060 1518 4146; x_wconf 70' lang='lat' dir='ltr'><strong>aliorumque,-</strong></span> 
     </span>
     <span class='ocr_line' id='line_1_37' title="bbox 476 4162 1520 4250; baseline 0 -25"><span class='ocrx_word' id='word_1_269' title='bbox 476 4162 583 4225; x_wconf 86' lang='lat' dir='ltr'><strong>confor</strong></span> <span class='ocrx_word' id='word_1_270' title='bbox 604 4173 638 4226; x_wconf 91' lang='lat' dir='ltr'><strong>et</strong></span> <span class='ocrx_word' id='word_1_271' title='bbox 661 4186 732 4248; x_wconf 87' lang='lat' dir='ltr'><strong>pag.</strong></span> <span class='ocrx_word' id='word_1_272' title='bbox 750 4165 800 4227; x_wconf 87' lang='lat'><strong>81.</strong></span> <span class='ocrx_word' id='word_1_273' title='bbox 846 4165 920 4250; x_wconf 86' lang='lat' dir='ltr'><strong>Ipse</strong></span> <span class='ocrx_word' id='word_1_274' title='bbox 942 4186 1016 4229; x_wconf 89' lang='lat' dir='ltr'><strong>vcro</strong></span> <span class='ocrx_word' id='word_1_275' title='bbox 1039 4164 1089 4227; x_wconf 93' lang='lat' dir='ltr'><strong>hio</strong></span> <span class='ocrx_word' id='word_1_276' title='bbox 1111 4163 1207 4227; x_wconf 84' lang='lat' dir='ltr'><strong>index</strong></span> <span class='ocrx_word' id='word_1_277' title='bbox 1228 4185 1248 4227; x_wconf 90' lang='lat' dir='ltr'><strong>a</strong></span> <span class='ocrx_word' id='word_1_278' title='bbox 1268 4163 1452 4227; x_wconf 93' lang='lat' dir='ltr'><strong>doctissimo</strong></span> <span class='ocrx_word' id='word_1_279' title='bbox 1469 4162 1520 4226; x_wconf 92' lang='lat' dir='ltr'><strong>illo</strong></span> 
     </span>
     <span class='ocr_line' id='line_1_38' title="bbox 477 4265 1520 4342; baseline 0.001 -16"><span class='ocrx_word' id='word_1_280' title='bbox 477 4265 660 4329; x_wconf 91' lang='lat' dir='ltr'><strong>Whartono</strong></span> <span class='ocrx_word' id='word_1_281' title='bbox 682 4266 756 4330; x_wconf 92' lang='lat' dir='ltr'><strong>olim</strong></span> <span class='ocrx_word' id='word_1_282' title='bbox 778 4268 940 4332; x_wconf 85' lang='lat' dir='ltr'><strong>confectus</strong></span> <span class='ocrx_word' id='word_1_283' title='bbox 960 4269 1002 4333; x_wconf 93' lang='lat' dir='ltr'><strong>ab</strong></span> <span class='ocrx_word' id='word_1_284' title='bbox 1022 4268 1157 4330; x_wconf 83' lang='lat' dir='ltr'><strong>Andros</strong></span> <span class='ocrx_word' id='word_1_285' title='bbox 1181 4266 1362 4342; x_wconf 91' lang='lat' dir='ltr'><strong>Ducarello,</strong></span> <span class='ocrx_word' id='word_1_286' title='bbox 1382 4273 1421 4331; x_wconf 91' lang='lat' dir='ltr'><strong>ut</strong></span> <span class='ocrx_word' id='word_1_287' title='bbox 1441 4286 1520 4329; x_wconf 91' lang='lat' dir='ltr'><strong>nunc</strong></span> 
     </span>
     <span class='ocr_line' id='line_1_39' title="bbox 476 4368 1519 4455; baseline 0.004 -27"><span class='ocrx_word' id='word_1_288' title='bbox 476 4379 671 4452; x_wconf 86' lang='lat' dir='ltr'><strong>compertum</strong></span> <span class='ocrx_word' id='word_1_289' title='bbox 694 4368 806 4449; x_wconf 91' lang='lat' dir='ltr'><strong>babeo,</strong></span> <span class='ocrx_word' id='word_1_290' title='bbox 829 4393 913 4435; x_wconf 90' lang='lat' dir='ltr'><strong>anne</strong></span> <span class='ocrx_word' id='word_1_291' title='bbox 932 4370 1023 4455; x_wconf 83' lang='lat'><strong>1785.</strong></span> <span class='ocrx_word' id='word_1_292' title='bbox 1041 4369 1121 4454; x_wconf 88' lang='lat' dir='ltr'><strong>juris</strong></span> <span class='ocrx_word' id='word_1_293' title='bbox 1143 4368 1257 4454; x_wconf 90' lang='lat' dir='ltr'><strong>publici</strong></span> <span class='ocrx_word' id='word_1_294' title='bbox 1279 4369 1385 4434; x_wconf 81' lang='lat' dir='ltr'><strong>faetus</strong></span> <span class='ocrx_word' id='word_1_295' title='bbox 1407 4370 1519 4434; x_wconf 82' lang='lat' dir='ltr'><strong>iuerat</strong></span> 
     </span>
    </p>
   </div>
   <div class='ocr_carea' id='block_1_3' title="bbox 0 0 2058 5150">
    <p class='ocr_par' dir='ltr' id='par_1_3' title="bbox 0 0 2058 5150">
     <span class='ocr_line' id='line_1_40' title="bbox 0 0 2058 5150; baseline 0 0"><span class='ocrx_word' id='word_1_296' title='bbox 0 0 2058 5150; x_wconf 95' lang='lat' dir='ltr'><strong> </strong></span> 
     </span>
    </p>
   </div>
  </div>
 </body>
</html>
