4092 5150
488 421 554 486 246
820 421 1194 487 ANNOT'ATIONES

488 597 520 657 δὲ
541 593 603 672 δμα
625 598 687 658 τοῖς
706 589 752 655 ὑπ’
770 592 859 654 αὐτοῦ
879 591 1119 672 πεπλανημένοις
1141 594 1314 674 ὑποτρίψας
1335 597 1371 657 τδ
1393 595 1529 674 μέτωπον,

485 695 594 759 λοιπὸν
615 695 764 778 παρῤησίη
784 692 939 774 άντέλεγε,
961 693 1098 775 φάσκων·
1122 699 1164 757 Tl
1188 701 1264 760 ΓΑΡ
1285 698 1379 762 κακὸν
1398 701 1533 779 πεποίηκα

485 799 543 862 διο.
558 798 615 861 διο.
648 799 744 876 (Haeo
759 818 856 881 supra
869 795 902 858 in
918 803 1022 873 textu,
1039 819 1132 881 quem
1150 805 1277 874 vocant,
1293 800 1439 884 reposita
1451 806 1530 883 sunt)

486 902 525 966 ὡς
547 900 602 963 οὖν
625 903 659 963 ἔν
679 901 793 965 τούτοις
816 897 932 978 ἔμενεν,
954 897 1089 977 ἐξέωσαν
1110 901 1202 964 αύτδν
1220 905 1274 978 τῆς
1294 904 1465 982 ἐκκλησίας,
1478 903 1533 982 άμα

486 1007 546 1068 τοῖς
569 999 616 1064 ὑπ’
645 1001 734 1063 αὐτοῦ
759 1003 855 1080 δόγμα
877 998 1154 1079 μεμαθητευμένοις.
1189 1005 1316 1084 τελευτᾷ
1345 1004 1382 1066 δὲ
1411 1006 1429 1066 θ
1454 1005 1533 1072 σι’ντδι

480 1101 688 1166 ἘΝΑΓΧΟΣ
710 1102 771 1180 ἅμα
791 1105 832 1186 τῷ
849 1103 912 1186 ίδίιρ
931 1103 1065 1186 άδελφφ,
1082 1104 1139 1185 οὐχ
1159 1105 1199 1170 ὦς
1218 1105 1235 1165 θ
1251 1108 1389 1184 Μωῦσῆς
1404 1107 1439 1169 ἐν
1459 1108 1530 1186 δόξη,

485 1207 552 1270 οὐδὲ
575 1208 592 1267 ό
615 1205 703 1268 αὐτοῦ
725 1203 858 1284 άδελφδς
878 1204 952 1284 (sor.
973 1204 1110 1268 addend.
1136 1207 1188 1285 ὥς)
1205 1207 1222 1267 δ
1242 1203 1366 1286 Ἀαρὼν
1390 1207 1484 1288 ἐτάφη
1502 1211 1532 1272 ἐν

485 1307 563 1392 τιμῇ.
585 1306 750 1386 ἐῤῥίφησαν
764 1303 822 1386 γὰρ
837 1307 877 1371 ὡς
896 1305 1081 1385 παραβάται,
1097 1308 1145 1370 καὶ
1164 1307 1260 1373 οὐδεὶς
1275 1307 1384 1374 αὐτοὺς
1403 1314 1461 1372 τᾶν
1474 1315 1531 1373 θεο-

486 1413 588 1482 σεβῶν
602 1408 798 1486 περιέστειλε.
820 1410 896 1485 μετὰ
910 1412 997 1469 τοῦτο
1011 1409 1042 1470 οί
1055 1405 1102 1471 ὑπ’
1118 1408 1208 1470 αύτοῦ
1221 1407 1276 1471 τδν
1289 1413 1364 1472 νοῦν
1374 1409 1531 1491 φθαρέντες

485 1508 648 1590 ἐκράτυναν
669 1509 750 1570 τουτὶ
770 1508 805 1572 τδ
827 1511 932 1589 δόγμα,
949 1511 1064 1576 τούτοις
1083 1515 1144 1576 τοῖς
1163 1511 1261 1591 ῥητοῖς
1280 1512 1477 1594 ὑπαχθέντες,
1491 1515 1530 1579 οῖς

485 1612 557 1674 καὶὸ
570 1611 665 1673 αὐτῶν
679 1608 858 1676 διδάσκαλος
869 1608 906 1688 ἐξ
916 1611 1018 1692 ἀρχῆς.
1034 1608 1131 1673 ὈΤΕ
1143 1613 1202 1690 γδρ
1214 1612 1407 1689 ἔρωτόμενος
1417 1613 1475 1676 άπδ
1485 1619 1530 1676 τοῦ

483 1712 699 1791 πρεσβυτερίου
729 1710 797 1789 ἔφη,
829 1711 883 1773 ἔνα
913 1716 997 1775 Θεὸν
1019 1711 1078 1773 διο.
1104 1711 1162 1773 8ος.
1209 1710 1291 1774 Haee
1317 1733 1454 1798 quoque,
1481 1714 1528 1777 ubi

483 1835 588 1897 supra,
609 1811 803 1895 transcripta
821 1819 906 1874 sunt.
952 1813 1087 1875 Gemina
1105 1820 1180 1875 sunt
1200 1812 1435 1897 Epiphanianis
1456 1816 1527 1887 istis.

483 1937 554 1998 quae
569 1917 609 1978 do
623 1914 735 1977 eodem
750 1913 906 1977 consessu
926 1913 1060 1997 protulit
1076 1915 1109 1977 S.
1125 1915 1323 1999 Hippolytus
1339 1917 1433 1981 initio
1449 1918 1527 1981 Libn‘

485 2019 598 2081 Contra
627 2018 770 2092 Νοονυπι,
796 2038 888 2099 quem
913 2016 997 2079 inter
1029 2015 1181 2100 θρυςουίο
1211 2019 1408 2102 Scriptorum
1436 2020 1527 2084 Εοοδν

480 2121 670 2183 νίαοίίοονυννν
693 2139 793 2201 nuper
818 2117 917 2202 posui.
956 2116 1081 2198 Ἔτεροί
1103 2144 1182 2185 τινες
1206 2118 1313 2198 ἐτέρων
1339 2124 1527 2184 διδασκαλίαν

481 2220 728 2301 παρεισάγουσιν,
745 2221 904 2299 γενόμενοί
916 2244 995 2286 τινος
1010 2219 1129 2298 Νοήτου
1139 2221 1275 2300 μαθηταὶ,
1290 2220 1323 2288 ὃς
1335 2223 1371 2286 τὸ
1382 2226 1439 2301 μέν
1450 2224 1527 2305 γένος

481 2324 519 2402 ἦν
543 2328 718 2403 Σμυρναῖος,
735 2322 770 2385 οὐ
791 2320 848 2401 πρδ
873 2327 989 2384 πολλοῦ
1010 2323 1122 2404 χρόνον
1143 2325 1314 2404 γενόμενος.
1362 2327 1460 2393 Οὗτος
1479 2342 1527 2408 φιν

481 2426 599 2490 σιωθεὶς
614 2427 656 2490 εἰς
671 2424 838 2509 ἐπῃρμένον
852 2423 939 2506 ήχθη·
964 2424 1060 2502 οἰήσει
1074 2427 1240 2504 πνεύματος
1254 2426 1420 2507 ἀλλοτρίου
1441 2431 1524 2512 έπαχ·

482 2530 542 2594 θείς
557 2527 631 2609 (for.
650 2526 812 2607 ἐπαρθείς).
824 2523 908 2606 Ἔφη
922 2525 976 2590 τδν
990 2527 1125 2607 Χριστὸν
1139 2526 1229 2590 αὐτὸν
1244 2527 1322 2592 εἶναι
1334 2530 1391 2593 τδν
1404 2532 1524 2613 Πατέρα,

481 2633 529 2695 καὶ
545 2630 635 2694 αὐτὸν
649 2628 702 2691 τδν
717 2627 839 2709 Πατέρα
853 2633 1054 2710 γεγεννῆσθαι
1069 2631 1117 2692 καὶ
1133 2629 1317 2693 πεπονθέναι
1338 2635 1389 2696 καὶ
1410 2635 1525 2698 άποτεθ·

481 2732 610 2811 νηκέναι.
655 2729 764 2810 Ὁρᾶτε
780 2732 856 2794 ὅσον
870 2731 987 2811 ἔπαρμα
1003 2733 1122 2807 καρδίας
1141 2732 1188 2793 καὶ
1206 2734 1350 2812 φνσίωμα
1368 2738 1525 2815 πνεύματος

479 2835 639 2914 ἀλλοτρίου
654 2835 837 2910 ὑπεισῆλθεν
857 2836 898 2898 εἰς
918 2833 1015 2895 αὐτόν.
1060 2834 1140 2912 Ἤδη
1155 2836 1211 2912 μὲν
1226 2835 1280 2897 οὖν
1296 2838 1330 2898 ἐκ
1349 2844 1410 2901 τῶν
1427 2838 1525 2919 ἔτέρων

478 2936 613 3015 πράξεων
636 2939 676 3001 εἷς
700 2940 785 2997 τοῦτο
810 2936 932 3015 φέρεται
957 2938 973 2997 ὁ
1001 2936 1128 3017 ἔλεγχος
1150 2937 1255 3010 αὐτῶν,
1281 2940 1327 3000 ὅτι
1349 2940 1392 3018 μή
1417 2946 1524 3024 καθαρῷ

478 3040 620 3116 πνεύματι
644 3037 818 3118 ἐφθέγγετο.
864 3036 903 3099 ‘0
929 3040 986 3117 γὰρ
1013 3039 1056 3103 είς
1081 3044 1197 3117 πνεῦμα
1222 3039 1311 3119 άγιον
1336 3048 1524 3123 βλασφημῶν

476 3139 620 3219 ἔκβλητος
642 3140 765 3219 γένηται
781 3143 859 3218 (cor.
875 3137 1048 3220 γεγένηται)
1076 3139 1185 3219 κλήρου
1204 3143 1299 3221 ἁγίου.
1347 3146 1449 3211 Οὗτος
1466 3150 1524 3208 ἐλε·

477 3267 532 3320 γεν
559 3240 663 3303 ἐαυτὸν
689 3240 764 3302 εἶναι
791 3244 934 3317 Μωῦσῆν,
963 3241 1011 3302 καὶ
1037 3239 1090 3301 τὸν
1119 3241 1254 3320 ἆδελφδν
1285 3244 1378 3307 αὐτοῦ
1403 3245 1522 3327 Ἀαρόν.

476 3348 578 3405 Ταῦτα
602 3344 783 3407 ἀκούσαντες
807 3345 835 3403 οἱ
858 3341 994 3421 μακάριοι
1015 3344 1222 3422 Πρεσβύτεροι
1245 3347 1522 3427 προσκαλεσάμενοι

477 3446 604 3507 ἐνώπιον
618 3449 669 3521 τῆς
684 3446 842 3520 ἐκκλησίας
858 3443 1007 3521 ἐξήταζον·
1031 3446 1091 3506 ὁδέ
1103 3445 1230 3524 ἠρνεῖτο,
1244 3444 1347 3527 λέγων
1362 3452 1416 3516 τὰς
1427 3452 1521 3531 ἀρχάς,

475 3545 515 3624 μή
535 3553 669 3625 φρονεῖν.
695 3548 821 3624 ὕστερον
845 3546 877 3606 δὲ
898 3546 1094 3624 ἐμφωλεύσας
1110 3546 1143 3608 ἔν
1163 3571 1251 3619 τισιν,
1270 3549 1318 3611 καὶ
1339 3552 1521 3616 συσκευάσας

476 3650 569 3731 ἐαυτῷ
601 3646 881 3726 συμπλανωμένονς,
910 3646 1039 3726 καθαρὸν
1067 3647 1139 3725 (sor.
1171 3648 1217 3709 καὶ
1242 3651 1375 3728 θαβρὢν)
1403 3655 1520 3734 ὕστερον

475 3750 563 3831 δστᾷν
577 3749 611 3811 τὸ
627 3752 722 3830 δόγμα
738 3751 894 3827 ἐβούλετο.
933 3746 997 3811 Ὃν
1012 3748 1106 3811 πόλιν
1120 3751 1407 3830 προσκαλεσάμενοι
1427 3757 1455 3817 οἱ
1472 3780 1518 3832 μα·

474 3850 569 3930 κόριοι
595 3853 802 3929 Πρεπβύτεροι
824 3850 967 3929 ήλεγξαν.
1010 3847 1049 3913 ‘O
1074 3852 1105 3912 δὲ
1134 3852 1302 3922 ἀντίστατο,
1331 3852 1446 3936 λέγων·
1488 3852 1520 3917 Τί

473 3954 526 4015 οὖν
540 3952 629 4014 κακὸν
644 3957 718 4014 ποιῶ
734 3951 861 4029 δοξάζων
875 3951 928 4013 τὸν
943 3954 1096 4031 Χριστόνς
1121 3952 1191 4032 πρὸς
1208 3951 1243 4014 ὃν
1259 3954 1517 4036 ἀνταποκρίνοντιν

472 4055 501 4115 οἱ
517 4055 732 4133 Πρεσβύτερος·
772 4054 829 4115 Καὶ
844 4054 927 4132 ἡμεῖς
943 4055 997 4116 ἕνα
1013 4054 1096 4117 Θεὸν
1118 4057 1239 4131 οἴδαμεν
1255 4056 1383 4132 άληθῶς.
1406 4083 1434 4121 οι
1503 4078 1517 4117 ν

472 4157 613 4234 Χριστόν·
635 4156 756 4231 οἴδαμεν
768 4152 821 4216 τὸν
834 4154 909 4216 ww
919 4156 1063 4226 παθόντα,
1077 4156 1171 4220 καθὼς
1184 4155 1304 4231 ἔπαθεν,
1321 4158 1513 4227 ἀποθανόντα,

473 4258 566 4320 καθὼς
590 4254 749 4329 ἀπέθανεν,
767 4256 815 4318 καὶ
837 4256 1009 4319 άναστόντα
1032 4258 1067 4343 τῇ
1091 4260 1170 4341 τρίτῃ
1192 4255 1296 4341 ἡμέρη,
1323 4263 1372 4322 καὶ
1395 4265 1467 4325 ὄντα
1489 4262 1514 4322 έν

471 4359 551 4441 δεξίη
567 4363 617 4421 τοῦ
633 4356 761 4437 Πατρδς,
779 4358 827 4420 καὶ
841 4360 1004 4440 ἐρχόμενον
1019 4366 1115 4438 κρῖναι
1132 4360 1240 4435 ζῶντας
1256 4362 1303 4422 καὶ
1321 4366 1452 4442 νεκρούς·
1475 4358 1511 4424 καὶ
