4092 5150
578 421 621 481 22
896 419 927 479 S.
953 417 1139 480 PETRUS
1163 414 1310 479 ALEX.

578 585 752 678 reliquum
780 588 860 655 vitae
886 595 1027 678 tempus
1052 588 1098 656 ob
1124 588 1347 680 ingruentem
1375 593 1624 677 tempestatem

580 712 728 781 arctiore
746 710 930 802 disciplina
947 733 1023 781 sese
1041 710 1201 780 exercuit
1220 709 1357 792 Petrus,
1376 710 1624 800 communique

579 834 805 905 ecclesiarum
834 834 979 905 utilitati
1006 857 1069 927 pro
1095 832 1186 902 virili
1212 833 1403 925 prospexit.
1457 830 1534 903 Sub
1560 831 1624 901 hac

578 959 822 1050 persecutione
841 959 900 1029 diu
919 981 1001 1028 eum
1019 959 1054 1027 in
1074 979 1212 1027 carcere
1230 957 1416 1026 detentum
1434 955 1542 1026 fuisse
1565 978 1625 1025 ne·

579 1105 676 1154 cesse
697 1091 769 1164 est;
796 1084 824 1152 si
850 1082 956 1152 modo
982 1104 1066 1152 vera
1091 1081 1171 1162 sint,
1190 1103 1267 1171 quae
1289 1079 1333 1148 de
1354 1080 1497 1149 dissidio
1522 1079 1623 1149 illum

578 1207 671 1277 inter
712 1217 750 1276 et
793 1206 985 1277 Meletium
1030 1203 1322 1298 Lycopolitanum
1365 1206 1400 1273 in
1444 1203 1624 1276 Thebaide

578 1330 780 1421 episcopum
815 1339 880 1399 “cx
913 1329 1067 1410 incertis,
1102 1338 1144 1396 ut
1177 1328 1311 1420 opinor,
1349 1328 1377 1396 si
1417 1349 1486 1396 non
1521 1327 1623 1410 fictis,

579 1451 854 1523 Meletianorum
879 1453 968 1523 actis
994 1451 1212 1550 Epiphanius
1236 1450 1354 1521 refert.
1379 1448 1530 1538 (Hares.
1549 1448 1622 1542 68.)

579 1573 673 1644 Mihi
704 1575 847 1667 quidem
877 1576 913 1645 in
940 1598 978 1646 re
1003 1577 1138 1646 incerta
1168 1574 1339 1644 divinanti
1366 1573 1548 1666 probabile
1574 1577 1624 1645 vi·

577 1699 690 1780 detur,
722 1697 868 1769 Petrum
899 1699 965 1770 sub
996 1698 1219 1769 Diocletiano
1248 1697 1305 1768 vel
1334 1696 1476 1768 Galerio
1505 1697 1624 1769 Maxi·

576 1823 731 1894 miniano
758 1825 793 1893 in
820 1824 979 1896 custodia
1008 1824 1191 1907 traditum,
1218 1824 1443 1915 postmodum
1474 1824 1623 1895 vinculis

576 1945 788 2031 absolutum,
825 1949 969 2018 demum
1007 1950 1074 2019 sub
1112 1946 1313 2018 Maximino
1356 1969 1496 2039 passum
1534 1970 1622 2019 esse.

576 2070 683 2141 Certe
705 2071 907 2142 luculenter
932 2072 1040 2142 tradit
1063 2070 1247 2155 Eusebius,
1270 2070 1351 2159 (loc.
1369 2070 1444 2164 cit.)
1469 2072 1530 2162 qui
1556 2072 1623 2143 hac

575 2193 651 2286 ipsa
685 2202 898 2286 tempestate
930 2196 967 2263 in
997 2193 1152 2287 AEgypto
1186 2191 1399 2275 versabatur,
1433 2193 1481 2263 ibi
1513 2195 1622 2264 etiam

575 2316 612 2384 in
646 2339 821 2387 carcerem
857 2317 1029 2398 detrusus,
1060 2316 1208 2386 Petrum
1242 2316 1381 2387 nullum
1410 2318 1457 2387 ob
1487 2319 1621 2390 crimen

575 2439 879 2532 comprehensum,
892 2450 1022 2533 praeter
1032 2443 1191 2511 omnium
1208 2443 1492 2534 expectationem
1502 2443 1622 2514 subito

575 2570 612 2632 et
637 2563 769 2655 absque
794 2563 867 2635 ulla
892 2564 1065 2657 probabili
1086 2587 1191 2635 causa
1211 2562 1285 2636 solo
1310 2563 1500 2636 Maximini
1517 2565 1620 2658 jussu

574 2688 690 2779 capite
733 2696 935 2758 truncatum
978 2711 1064 2760 esse.
1133 2686 1238 2759 l‘Hoc
1276 2690 1309 2759 ei
1344 2690 1494 2783 contigit
1527 2713 1620 2761 anuo

573 2811 826 2901 persecutionis
876 2835 980 2897 nono,
1031 2813 1253 2904 episcopatus
1297 2815 1350 2885 sui
1397 2812 1619 2906 duodecimo,

574 2931 704 3005 Christi
724 2939 807 3005 311.

613 3191 626 3219 ¹
648 3183 851 3263 Epiphaniana
865 3185 944 3244 istac
957 3186 1053 3244 dubiae
1068 3206 1129 3244 esse
1144 3185 1211 3244 fidei
1226 3197 1294 3245 ante
1305 3185 1462 3245 docuerant
1474 3186 1620 3247 Batonius

572 3291 602 3339 et
625 3280 772 3348 Petavius,
794 3283 841 3341 hic
862 3284 893 3340 in
914 3283 1004 3343 Notis
1026 3284 1061 3342 ad
1084 3284 1290 3363 Epiphanium,
1312 3283 1362 3342 ille
1386 3282 1417 3341 in
1442 3283 1617 3344 Annalibus.

573 3375 678 3436 Plures
691 3389 788 3437 autern
803 3379 960 3438 eorundem
976 3392 1105 3439 actorum
1122 3400 1233 3440 errores
1253 3380 1381 3440 indicare
1397 3381 1457 3458 jarn
1477 3380 1562 3442 licuit
1581 3403 1617 3442 ex

571 3474 704 3551 Epistola
719 3476 925 3555 Episcopornm
939 3478 979 3535 ad
994 3479 1141 3538 Meletium
1156 3478 1233 3536 infra
1251 3478 1413 3554 subjuncta,
1434 3498 1499 3556 quoe
1520 3500 1536 3538 a
1554 3480 1618 3539 Sci.

571 3565 658 3643 pione
672 3568 773 3627 Maffei
788 3571 912 3649 primum
928 3572 1006 3630 edita
1019 3584 1072 3631 est.

611 3662 625 3699 b
647 3664 693 3724 De
714 3667 745 3724 S.
763 3667 843 3727 Petri
865 3670 1048 3749 episcopatus
1069 3672 1228 3748 mortisque
1246 3672 1329 3730 annis
1345 3671 1421 3730 inter
1442 3674 1618 3734 recentiores

569 3761 631 3819 fere
645 3782 745 3821 omnes
758 3766 904 3823 convenit.
947 3765 994 3824 De
1004 3768 1080 3826 festo
1094 3767 1167 3844 ejus,
1183 3767 1261 3845 quod
1278 3786 1295 3825 a
1312 3768 1459 3826 veteribus
1475 3788 1616 3829 memora·

570 3869 629 3924 tur,
654 3860 786 3919 consulas
811 3862 919 3920 Bedarn
945 3864 1074 3941 aliosque
1099 3864 1325 3943 Martyrologos.
1377 3864 1515 3923 Ceterum
1540 3868 1618 3926 inter

570 3951 641 4012 elios
665 3955 741 4015 viros
765 3958 892 4036 insignes
914 3960 1039 4019 Paulum
1060 3981 1157 4021 senem
1181 3962 1262 4020 Petri
1284 3962 1419 4041 martyris
1440 3962 1618 4042 discipulum

570 4049 756 4111 Alexandriae
770 4055 858 4114 vitam
874 4056 968 4116 adhuc
982 4058 1074 4136 egisse
1088 4070 1285 4118 commorante
1299 4059 1329 4116 in
1344 4058 1394 4116 illa
1409 4058 1480 4116 urhe
1496 4058 1616 4128 Rufino,

568 4148 719 4226 sexaginta
737 4163 803 4229 post
819 4153 900 4212 Petri
920 4166 1042 4213 mortem
1063 4175 1162 4221 annos,
1177 4156 1239 4234 ipse
1256 4155 1377 4215 tradidit
1396 4155 1472 4213 idem
1490 4155 1618 4215 Rufinus

569 4239 599 4393 pp
616 4240 760 4303 Incertior
780 4247 948 4306 Secundis
960 4249 1080 4309 Hieros.
1092 4270 1120 4329 p.
1130 4249 1200 4310 286.
1213 4251 1259 4310 ed.
1276 4251 1401 4310 Froben.
1418 4262 1490 4310 tom.
1501 4255 1540 4310 iv.
1559 4254 1615 4331 Op.

595 4380 601 4392 .
612 4339 728 4399 Hieron.
