4092 5150
472 410 536 472 134
807 404 1185 469 ANNOTATIONES

472 599 531 642 sua
556 576 669 640 Ooaeil.
687 577 742 641 &a
764 599 795 661 p.
807 591 858 661 95.
881 575 1002 661 primus
1025 576 1149 651 Canon,
1170 573 1224 660 qui
1246 574 1408 640 eaoerdoti
1427 575 1523 641 semel

471 681 561 765 lapso
582 679 842 766 praedicationem
864 677 1027 744 interdicit
1049 678 1136 742 verbi
1159 676 1230 754 Dei,
1246 677 1350 743 utitur
1371 678 1523 743 voaabaio

472 786 597 863 ὁμιλεῖν,
613 804 675 845 που
693 780 862 862 κηρύσσειν.
907 781 989 845 Tum
1004 803 1082 845 vero
1096 804 1135 844 ex
1150 802 1240 845 more
1254 781 1393 846 eoeleeiae
1408 781 1523 846 veteris

472 893 616 972 potestas
645 883 838 969 praedieandi
864 904 920 947 seu
945 882 1113 947 aonaiones
1142 883 1184 947 ad
1209 882 1360 969 populum
1386 883 1523 948 habendi

472 988 610 1052 maxime
629 987 779 1072 episeopo
798 986 1030 1064 reservabatur,
1046 986 1089 1050 ab
1108 1008 1147 1050 eo
1167 986 1327 1050 interdum
1345 1007 1417 1050 eum
1438 1009 1523 1072 pres-

473 1091 604 1175 byteris,
619 1091 723 1155 rarius
738 1111 809 1153 eum
823 1090 976 1165 diaconis,
992 1089 1234 1154 communicata
1269 1090 1422 1153 Ceterum
1436 1091 1524 1155 Mat-

474 1194 550 1259 thoei
576 1192 731 1257 Blastaris
750 1213 831 1274 opus
852 1213 873 1256 a
896 1191 917 1254 J
919 1191 1033 1257 astella
1055 1199 1347 1267 eommemoratum‚
1363 1192 1525 1276 dieerepat

474 1298 516 1362 ab
531 1296 596 1370 ino,
613 1297 697 1381 quod
712 1296 743 1359 in
761 1294 912 1379 Synodiao
926 1317 983 1357 suo
998 1295 1188 1380 Beverefflus
1203 1316 1242 1357 ex
1258 1294 1378 1379 scripto
1392 1296 1503 1362 edidit.

519 1402 557 1463 P.
574 1420 642 1478 114.
659 1399 680 1461 Ι.
693 1401 724 1461 6.
741 1398 873 1477 κάματόν
887 1400 966 1483 τινα]
986 1398 1045 1463 Ait
1055 1399 1215 1462 Zonaras:
1234 1398 1422 1478 Προστίθησι
1436 1396 1462 1461 δ’
1478 1400 1525 1461 ε’ν-

474 1508 579 1575 ταῢθα,
595 1503 642 1565 ότι
660 1503 714 1565 ἐὰν
736 1507 797 1567 τοῖς
818 1506 997 1579 μετανοοῦσι
1019 1498 1132 1566 τούτοις
1154 1503 1303 1563 συνῶοιεν
1317 1501 1346 1562 οἱ
1369 1500 1526 1562 ἐπίσκοπα

475 1606 605 1684 κάματόν
624 1629 699 1669 τινα.
718 1602 863 1679 τοότεστι,
879 1604 973 1667 κόπον
987 1605 1021 1666 έν
1043 1607 1078 1682 τῇ
1096 1607 1237 1686 μετανοίᾳ
1251 1607 1300 1667 διὰ
1318 1602 1374 1680 τὴν
1387 1604 1524 1683 ἄρνησιν,

473 1706 552 1785 teu
567 1705 776 1787 συντριβέντες
791 1708 839 1768 διὸ
860 1706 895 1768 τό
916 1704 1081 1786 ἁμάρτημα,
1098 1707 1351 1784 ἐταπεινώθησαν,
1368 1706 1416 1769 καὶ
1435 1706 1525 1789 πρηθ-

473 1835 547 1887 τητα
562 1808 734 1887 ἐκτήσαντο,
751 1814 813 1873 τοῖς
828 1811 900 1873 ἴσως
915 1807 1013 1874 αὐτοῖς
1027 1808 1201 1882 ὀνειδίζουσι
1215 1808 1268 1870 τὸν
1284 1809 1412 1871 ὄλισθον
1427 1806 1526 1892 πρᾴως

475 1911 524 1973 καὶ
538 1912 613 1988 μετα
626 1910 834 1974 ταπεινώσεως
847 1911 1099 1989 προσφερόμενοι,
1116 1907 1185 1971 ἀλλ’
1201 1910 1236 1972 οὐ
1247 1912 1465 1989 θρασυνόμενοι
1479 1912 1527 1974 καὶ

474 2010 589 2078 τούτοις
604 2013 870 2092 έμπικραινόριενοι,
888 2012 935 2097 καὶ
949 2009 1086 2074 ἐθέλοιεν
1101 2010 1258 2075 ἐπίσκοποι
1271 2011 1322 2094 ὑφ’
1338 2013 1390 2080 ote
1404 2018 1527 2077 τελοῦσι

475 2112 571 2176 πλέον
586 2139 614 2176 τι
629 2119 688 2175 τῶν
702 2115 783 2193 παρὰ
797 2116 831 2191 τῇ
847 2114 962 2196 συνόδῳ
977 2112 1164 2192 ὡρισθέντων
1173 2114 1272 2180 αὐτοῖς
1285 2113 1466 2196 παρόσχειν,
1478 2118 1526 2179 διὸ

474 2217 530 2294 τὴν
544 2220 594 2293 τῆς
606 2217 764 2294 μετανοίας
778 2216 951 2295 θερμότητα,
967 2212 985 2293 ἢ
1001 2217 1131 2296 ἀφελεῖν
1151 2240 1178 2277 τι
1198 2221 1256 2278 τῶν
1271 2215 1473 2295 ὡρισθέντων,
1488 2220 1527 2284 ὥς

475 2320 515 2398 μὴ
534 2319 664 2399 γνησίως
683 2317 778 2380 αιίτῶν
798 2315 1055 2396 μεταμελομένων,
1075 2319 1148 2396 μηδὲ
1165 2319 1413 2397 ταπεινουμένων·
1435 2325 1527 2384 ταῦτα

476 2424 511 2507 τῇ
538 2419 657 2504 ε’ξουσίρ
679 2425 738 2481 τῶν
760 2417 930 2482 ἐπισκόπων
953 2421 1167 2498 ἀνατίθησινό
1195 2422 1302 2494 κανὼν,
1326 2422 1375 2484 καὶ
1400 2426 1438 2508 τῇ
1463 2427 1525 2485 θια-

477 2525 572 2605 κρίσει
587 2524 690 2587 αὐτῶν.
715 2522 865 2604 ἀνάγνωθι
881 2524 929 2587 καὶ
948 2521 1002 2586 τόν
1022 2520 1072 2586 ια’.
1097 2523 1209 2586 κανόνα
1229 2526 1281 2600 τῆς
1300 2524 1415 2604 πρότης
1433 2527 1527 2589 οἰκου-

474 2626 742 2705 μενικῆςσυνόδον.

877 2819 1029 2886 ΟΑΝΟΝ
1054 2821 1123 2883 111.

522 2929 602 2992 Ibid.
618 2930 640 2992 l.
656 2951 704 2994 10.
719 2929 737 3010 ἢ
752 2930 809 2993 ὑπὸ
824 2934 940 2994 οἰκείων
960 2930 1197 3015 παραδοθέντας]
1217 2931 1336 3015 Agitur
1356 2932 1442 2996 inter
1461 2933 1528 2997 baeo

476 3032 517 3094 de
543 3031 612 3105 illis,
639 3034 692 3116 qui
719 3041 880 3097 certamen
903 3033 988 3097 haud
1012 3055 1070 3096 sua
1096 3041 1210 3118 sponte
1236 3033 1384 3099 inierant.
1440 3035 1528 3101 Vooe

475 3142 584 3198 autem
600 3138 709 3212 ἄλλως,
726 3158 820 3220 quam
838 3136 949 3200 Latini
969 3136 1160 3219 interpretes
1177 3135 1344 3214 omittunt,
1359 3137 1528 3222 significari

478 3236 603 3299 videtur
616 3237 717 3301 inlata
731 3237 794 3300 alio
809 3238 919 3322 quovis
934 3239 1029 3301 modo
1044 3238 1198 3301 bonorum
1214 3239 1409 3303 confiscatio.

523 3338 604 3401 lbid.
621 3339 641 3403 l.
659 3360 667 3401 ν
675 3360 706 3424 3.
722 3341 967 3425 περισχεθέντας]
988 3341 1054 3404 Pro
1069 3341 1189 3426 eulpae
1202 3344 1456 3425 περισχισθέντας
1469 3343 1528 3408 boo

477 3442 710 3522 περισχεθέντας
739 3441 841 3526 recepi
871 3464 910 3505 ex
940 3442 1025 3506 codd.
1054 3444 1148 3507 Bodl.
1167 3448 1217 3507 26.
1240 3454 1274 3509 et
1304 3448 1373 3530 158.
1397 3455 1431 3510 et
1455 3450 1526 3531 625.

477 3541 500 3604 J
503 3564 606 3605 oanne
628 3543 777 3607 Antioeh.
799 3543 830 3606 in
849 3544 1023 3609 Oolhetiotw
1043 3548 1209 3620 Cortonam,
1232 3547 1412 3632 Latineque
1427 3549 1527 3612 Inter·

472 3646 643 3729 ριυνανὶονιο
657 3645 803 3730 Dionysii
824 3645 954 3731 Exigui,
970 3669 1041 3732 quae
1060 3648 1167 3726 habet,
1182 3659 1209 3712 et
1227 3671 1258 3713 οο
1277 3671 1368 3735 usque
1387 3650 1528 3715 adortat

477 3758 556 3824 aaut,
582 3748 760 3812 Isidoriana
782 3748 902 3824 itidem,
918 3749 951 3812 iu
973 3771 1037 3833 qua
1061 3761 1163 3825 extat,
1177 3753 1328 3836 ροτόυονιῗ.
1368 3755 1472 3817 Ροττο
1493 3761 1527 3818 ut

479 3851 605 3916 varians
620 3851 714 3916 lectio
729 3853 862 3916 affertur
875 3854 916 3916 ad
932 3875 1022 3917 oram
1037 3854 1060 3917 J
1063 3854 1220 3919 ustelliani
1238 3856 1357 3920 Οοόὶοἰο
1374 3859 1527 3922 Oaaoaam

480 3953 625 4017 Εοοίοςόω
647 3953 740 4017 Unio.
756 3963 854 4038 atque
875 3955 1049 4019 editionum
1075 3957 1206 4022 Labbaei
1230 3967 1263 4022 et
1279 3958 1440 4023 Harduini
1456 3961 1528 4024 θακ-

478 4056 628 4132 ciliorum,
652 4057 880 4141 comprobante
902 4078 973 4121 eam
994 4057 1163 4123 Johnsono
1187 4062 1228 4125 ad
1249 4061 1416 4147 Anglicam
1440 4082 1528 4126 suam

481 4160 639 4222 θατιοτιυνι
672 4159 851 4224 Versioaem.
894 4161 1039 4226 Zonaras
1064 4185 1138 4227 vero
1163 4164 1298 4228 alteram
1324 4165 1445 4231 invenit
1470 4165 1529 4230 lea-

480 4259 609 4334 tionem,
625 4260 677 4345 qui
694 4260 794 4345 ipsam
810 4261 856 4325 ita
874 4263 1105 4348 interpretatus
1120 4273 1209 4330 est-
1215 4268 1263 4330 καὶ
1280 4267 1530 4351 περισχισθέντας

480 4363 547 4429 τοὺς
569 4365 697 4444 χίτωνας
720 4364 767 4426 καὶ
789 4365 1004 4444 γυμνωθέντος.
1052 4367 1161 4434 Habet
1178 4378 1285 4435 tamen
1305 4370 1373 4457 ipse
1390 4372 1423 4435 in
1439 4371 1529 4437 (iom-
