4092 5150
488 429 554 493 eto
718 427 751 490 S.
774 425 1016 490 PAMPHILI
1041 425 1298 491 MARTYRIS

488 597 644 684 exposuit,
660 617 732 661 eum
752 597 801 661 eit
821 595 907 661 illem
927 595 1027 660 solum
1048 596 1261 682 recipiendam
1281 604 1317 662 et
1338 598 1519 663 eredendum

487 729 556 771 esse
579 706 843 793 veritatemque
867 707 901 770 iu
922 706 1008 771 nullo
1027 706 1220 795 Apostoliois
1240 714 1276 773 et
1298 707 1521 774 Eooiesiestieis

487 817 689 905 dogmatibus
703 819 908 884 adversatur:
924 817 971 882 Et
985 840 1048 882 nou
1062 819 1163 882 solum
1179 819 1210 883 in
1226 819 1277 883 hie
1290 818 1384 884 libris
1397 840 1521 906 quorum

486 951 583 1014 supra
597 928 727 993 fecimus
740 929 942 1005 mentionem,
957 929 1012 992 sed
1028 936 1062 993 et
1076 928 1107 991 iu
1122 930 1268 993 omnibus
1282 951 1356 1015 qum
1370 931 1411 995 de
1425 931 1521 1016 Serip-

392 1069 395 1076 ’
486 1039 568 1104 turis
582 1039 721 1125 exponit,
737 1039 797 1103 hoo
811 1038 971 1104 sententie
988 1038 1039 1103 uti
1053 1039 1142 1116 solet,
1157 1047 1191 1103 et
1204 1039 1239 1103 in
1259 1039 1310 1104 his
1324 1039 1520 1127 praeeipueiu

486 1150 600 1236 quibus
613 1149 719 1234 plures
732 1148 825 1213 unius
842 1148 972 1234 capituli
991 1148 1271 1234 interpretationes
1290 1151 1444 1235 expouit;
1467 1152 1520 1215 hoo

485 1283 641 1337 assereus,
663 1283 697 1324 se
722 1260 849 1345 quidem
871 1260 1010 1346 nequid
1036 1261 1120 1345 quod
1145 1260 1205 1325 diei
1229 1262 1334 1346 possit
1353 1262 1518 1339 omitteret,

485 1370 577 1454 plura
601 1368 650 1433 vel
672 1369 804 1444 diverse,
830 1376 926 1453 prout
951 1368 1068 1432 sentire
1090 1367 1203 1453 potuit,
1229 1368 1421 1452 protulisse;
1450 1368 1518 1433 illud

484 1485 593 1544 eutem
606 1478 723 1542 debere
737 1476 849 1553 teneri,
864 1477 949 1562 quod
962 1476 1174 1562 *apostolicus
1184 1484 1284 1562 etque
1298 1479 1518 1545 oeuesiasuou

483 1591 584 1655 lector
603 1591 763 1675 probaret.
808 1590 881 1653 Hoo
900 1590 983 1654 idem
1002 1589 1079 1653 feeit
1098 1589 1195 1654 etiam
1213 1610 1286 1654 eum
1306 1590 1517 1656 haeretieorum

484 1700 615 1764 disoutit
630 1707 751 1764 sectos:
773 1699 887 1785 quibus
900 1700 1045 1764 omnibus
1059 1699 1231 1765 oouiutetis
1249 1709 1352 1786 etque
1366 1702 1515 1778 consitus

484 1832 579 1874 unam
595 1810 706 1887 solum,
720 1831 852 1895 eamque
867 1832 961 1895 quum
975 1832 1072 1895 supra
1086 1810 1243 1898 exposuit,
1260 1810 1435 1876 Catholieoe
1448 1811 1514 1876 veri

484 1922 563 1987 tetis
588 1923 779 1987 sententiam
804 1929 902 1986 tenet.
947 1923 996 1986 De
1022 1922 1135 2007 quibus
1158 1922 1289 2007 singulis
1316 1923 1453 2008 qualiter
1474 1944 1513 1987 re

483 2035 647 2119 sponderit
665 2033 832 2111 haeretiois,
847 2041 881 2098 et
901 2034 1059 2118 quomodo
1077 2034 1222 2098 universe
1241 2056 1353 2098 eorum
1376 2036 1512 2121 dogmate

483 2145 658 2221 destruens,
674 2144 741 2228 ipse
759 2166 883 2229 semper
897 2144 1115 2230 Apostoiieem
1129 2143 1366 2210 confirmaverit
1381 2148 1478 2223 fidem,
1491 2145 1510 2210 si

482 2255 612 2319 velimus
632 2277 740 2319 omnes
759 2255 933 2319 sententies
948 2255 1015 2341 ejus
1035 2276 1234 2340 congregare,
1251 2264 1285 2320 et
1305 2257 1433 2342 longum
1445 2254 1509 2320 setis

481 2376 540 2443 eet,
557 2375 591 2431 et
605 2367 666 2430 erit
680 2374 748 2430 tem
766 2366 857 2429 nobis
872 2365 926 2450 qui
945 2364 1109 2429 scribimus
1123 2386 1291 2428 onerosum
1307 2387 1403 2450 quem
1416 2367 1505 2451 legeu-

481 2477 568 2541 tibus
596 2475 772 2540 taediosum.
817 2474 880 2539 sed
909 2472 1023 2539 suffieit
1048 2496 1149 2560 peuce
1177 2475 1329 2559 proferre,
1356 2477 1505 2562 inquibus

481 2586 620 2650 omniurn
635 2586 777 2671 proiecto
792 2585 882 2650 feoile
900 2585 1123 2671 dignosoentur
1139 2584 1267 2649 indioiu.
1315 2586 1426 2671 Neque
1438 2586 1502 2651 euim

480 2704 591 2760 oontre
604 2696 731 2759 Domini
746 2697 936 2760 sententiam
947 2696 1145 2760 sentiendum
1156 2703 1214 2772 est,
1227 2703 1264 2759 ut
1277 2709 1292 2740 ¹¹
1302 2697 1401 2781 quiin
1414 2694 1500 2782 paucis

479 2806 638 2871 invenitur
659 2808 766 2883 tidelis,
786 2829 849 2870 non
871 2807 968 2870 etiem
990 2806 1022 2869 in
1044 2805 1151 2869 multis
1166 2813 1199 2869 et
1221 2806 1333 2870 haberi
1355 2808 1463 2871 debeot
1476 2809 1498 2867 et

480 2918 564 2979 eredi
580 2917 691 2980 fidelis.

523 3028 664 3091 Primum
690 3049 766 3112 ergo
791 3050 830 3091 ex
855 3027 923 3110 ejus
947 3026 1035 3089 libris
1060 3048 1211 3110 ponemus
1233 3029 1410 3113 exemplum
1432 3022 1493 3111 quod

478 3137 521 3200 illi
549 3138 701 3222 superiori
729 3138 905 3213 conveniet,
932 3159 971 3200 ex
997 3159 1035 3200 eo
1063 3136 1143 3200 libro
1167 3159 1261 3220 quem
1286 3138 1319 3201 in
1344 3138 1490 3223 Epistoleu

479 3247 571 3310 Pauli
594 3247 742 3331 Apostoli
769 3248 810 3311 od
834 3248 942 3310 Titum
963 3248 1089 3331 scripsit
1112 3248 1151 3311 de
1175 3270 1213 3311 eo
1236 3250 1374 3333 capitulo
1398 3251 1489 3330 inqu

477 3358 554 3420 dicit
576 3358 771 3442 Apostolum
800 3358 1011 3421 “Hm-icum
1035 3358 1180 3421 hominem
1198 3369 1486 3443 pertenentem

476 3470 584 3531 tionem
603 3469 727 3541 deoita;
751 3470 845 3532 sciens
867 3470 942 3553 quia
957 3491 1118 3553 perversus
1131 3479 1182 3544 eet,
1198 3480 1224 3533 et
1242 3480 1357 3554 peccat,
1372 3469 1420 3555 qui
1435 3472 1485 3529 eiu

474 3579 625 3660 wnzuipso
640 3579 809 3643 deitatates.
857 3581 908 3642 De
924 3601 986 3663 quo
1001 3579 1079 3643 dicit
1094 3580 1195 3663 qualis
1210 3580 1252 3644 sit
1267 3581 1320 3666 qui
1341 3577 1481 3644 haereticus

475 3696 508 3750 et
524 3687 625 3770 qualis
641 3688 684 3751 sit
699 3688 751 3773 qui
768 3688 949 3753 Catholieus
963 3696 1013 3753 est
1028 3697 1061 3754 et
1077 3689 1327 3755 Ecclesiastious.

518 3797 683 3861 Osresuss.
719 3798 911 3877 (Commeat.
932 3800 964 3862 iu
985 3799 1088 3884 Epist.
1104 3801 1145 3864 ad
1169 3801 1302 3880 Titum.)
1328 3792 1479 3865 Nononto

474 3908 775 3984 rosis—misceri.
821 3912 867 3974 Et
896 3919 969 3995 post
998 3912 1075 3988 haeo,
1106 3913 1214 3997 puueis
1245 3913 1419 3997 quibusdum
1439 3919 1478 3986 per

473 4017 610 4080 modium
637 4018 773 4097 insertis,
800 4019 926 4104 adjecit,
973 4022 1057 4099 Quid
1080 4044 1147 4086 oero
1172 4022 1414 4106 sit-—puritee
1446 4006 1476 4071 Ei

472 4131 546 4208 post
561 4147 662 4209 pauca
676 4129 800 4192 eddidit
816 4128 892 4192 haeo.
939 4131 1314 4215 Requieieruot--eiout
1327 4130 1380 4195 illi.

634 4307 649 4337 ¹1
663 4298 722 4347 Luc.
734 4303 784 4348 xvi.
798 4314 836 4350 ιο.
1125 4313 1139 4341 0
1153 4302 1202 4350 Tit.
1213 4303 1246 4351 iii.
1265 4320 1301 4364 ιο,
1317 4319 1349 4351 rr.

760 4406 773 4432 ·
786 4406 860 4467 (Vide
871 4407 933 4468 quod
946 4405 1018 4467 puuio
1030 4417 1080 4469 post
1093 4407 1222 4472 sequitur.)
