4092 5150
532 406 596 468 130
862 404 1221 471 ANNOTATIONES

530 597 604 640 vero
618 576 785 640 ostendere
806 575 915 641 volunt
935 576 1052 641 iratres
1072 574 1244 654 Baliarinii‚
1258 575 1296 641 do
1311 575 1458 661 Aetionis
1474 573 1576 641 Collec-

530 677 659 744 tionidnc
672 688 699 742 et
716 677 924 743 Oollcctoribroe
940 679 1105 756 Cononem,
1126 700 1189 742 non
1209 699 1319 743 omnes
1335 679 1470 742 Gmcos
1490 699 1577 742 cano

531 802 606 844 num
624 781 748 844 oodioes
769 779 866 844 luisse
887 780 981 864 hujus
994 780 1139 865 generis;
1162 802 1263 865 neque
1278 780 1361 844 hanc
1377 800 1578 844 numerorum

531 881 1579 968 seriem‚quibuscunqueoodicibnseainesset,publicnauctoritate

530 984 1122 1068 luisseindnctam,nequeeostantum
1131 982 1462 1049 canonesabecolesia
1470 985 1580 1049 Graeoa

530 1086 627 1150 inisse
641 1095 797 1172 receptos,
813 1086 867 1170 qui
882 1085 913 1148 in
928 1086 1084 1169 ejusmodi
1100 1085 1260 1150 codicibus
1275 1107 1483 1150 numerorum
1502 1086 1578 1150 serie

531 1187 689 1254 distinctis
711 1189 959 1265 continerentur,
986 1189 1023 1252 P.
1044 1208 1070 1252 1.
1097 1209 1168 1272 cap.
1184 1210 1225 1252 vr.
1251 1193 1276 1270 ς.
1299 1209 1402 1275 1.-9.
1447 1189 1525 1254 vid.
1546 1197 1578 1253 et

532 1289 665 1354 Berardi
674 1289 809 1354 Dissert.
820 1291 870 1353 Dc
887 1289 995 1352 Voriie
1005 1289 1161 1353 θαυοπιιπι
1173 1289 1289 1354 Oollcot
1299 1299 1369 1354 ante
1381 1291 1578 1355 Gratianum.

531 1392 663 1458 Observ.
676 1392 720 1455 ll.
755 1391 884 1456 Interea
895 1390 1110 1455 collectionem
1122 1391 1259 1477 aliquem
1268 1392 1413 1457 extitisse
1424 1414 1578 1457 canonum

531 1508 608 1558 ante
629 1493 794 1557 concilium
817 1492 1205 1577 Constantinopolitanae]
1227 1494 1405 1559 conlectam
1427 1515 1526 1579 supra
1546 1492 1579 1556 li-

530 1604 618 1682 quet.
665 1595 724 1660 Ait
752 1596 896 1659 Zonaras
925 1593 1168 1659 Commentator
1193 1594 1326 1658 Graecus
1348 1595 1382 1658 in
1408 1595 1580 1672 Scholia—

532 1701 611 1776 Αύπρ
632 1699 712 1776 disti
735 1700 769 1760 ἐν
782 1696 914 1780 Ἀγκύρᾳ
935 1699 971 1781 τῇ
993 1698 1175 1777 μητροπόλει
1196 1701 1247 1776 τῆς
1269 1699 1420 1764 Γαλατίας
1440 1701 1577 1762 συστᾶσα

531 1802 665 1875 σύνοδος,
683 1797 905 1881 προγενεστίρα
920 1800 984 1863 ἐστὶ
1000 1802 1051 1876 τῆς
1065 1802 1099 1862 ἐν
1114 1800 1223 1884 Ninnio
1244 1800 1360 1880 πρύτης
1379 1801 1578 1878 οίκουμενικῆς

531 1903 668 1966 συνόδου.
698 1903 902 1980 ἠθροίσθησαν
924 1904 957 1964 δὲ
979 1904 1013 1965 ἐν
1036 1903 1109 1988 αὐτῇ
1133 1904 1259 1983 πατέρες
1281 1904 1364 1982 ίεροὶ,
1391 1904 1434 1966 ὣν
1457 1905 1577 1985 ἐξῆρχεν

530 2001 687 2069 Ούιτέλιος
714 2001 901 2085 Ἀντιοχείας
933 2007 984 2081 τῆς
1016 2003 1137 2084 Συρίας,
1167 2002 1365 2085 Ἀγρικόλαος
1398 2004 1577 2083 Καισαρείας

531 2107 753 2179 Καππαδοκίας,
769 2105 847 2166 καὶὸ
869 2103 979 2184 μάρτυς
995 2108 1156 2172 Βασίλειας
1174 2106 1336 2172 ἐπίσκοπος
1348 2104 1523 2184 Ἀμασείας.
1545 2107 1578 2167 ἐν

530 2210 588 2288 γὰρ
604 2212 664 2273 τοῖς
679 2211 818 2287 διωγμοῖς
832 2211 891 2269 τῶν
907 2211 1095 2286 Χριστιανῶν
1109 2213 1234 2270 πολλῶν
1247 2208 1288 2286 μὴ
1297 2208 1485 2287 δυνηθέντων
1492 2206 1577 2289 μέχρι

529 2306 635 2374 τέλους
659 2310 873 2389 ἐγκαρτερῆσαι
898 2313 962 2374 ταῖς
984 2308 1145 2385 βασάνοις,
1170 2309 1242 2371 ἀλλ’
1264 2310 1494 2390 ὑποκυψάντων·
1517 2309 1578 2373 εἶτα

530 2417 619 2475 τινῶν
639 2411 864 2490 μετανοούντων
879 2411 928 2473 καὶ
949 2411 1201 2493 προσερχομένων
1218 2416 1254 2496 τῇ
1274 2414 1417 2496 ἐκκλησία
1438 2414 1481 2479 είς
1493 2412 1577 2491 μετεί-

530 2540 624 2591 νοιαν,
640 2513 757 2592 ζήτησις
773 2510 906 2594 ἐγένετο,
922 2518 984 2579 πῶς
998 2512 1056 2595 χρὴ
1071 2512 1138 2579 τοὺς
1148 2513 1371 2594 ἀρνησαμένους
1382 2515 1436 2577 τδν
1447 2513 1576 2595 Χριστὸν

528 2616 761 2699 προσδέχεσθαι,
775 2618 823 2680 καὶ
837 2618 905 2697 περὶ
919 2617 1030 2680 τούτων
1044 2618 1062 2695 ἡ
1077 2619 1202 2683 σύνοδος
1218 2619 1289 2696 αὕτη
1305 2619 1433 2684 κανόνας
1448 2614 1574 2695 ἐξέθετο,

529 2722 560 2783 οἵ
572 2721 651 2786 τινές
667 2722 745 2782 εἰσιν
760 2720 849 2782 οὗτοι.

950 2907 1102 2972 OANON
1129 2909 1155 2969 1.

573 3045 611 3107 P.
634 3063 702 3127 113.
717 3042 737 3105 l.
755 3044 785 3105 8.
810 3043 873 3105 εἶτα
887 3042 1167 3123 ἆναταλαίσαντας]
1196 3041 1260 3104 Pro
1276 3042 1575 3104 ἑπαναπαλαίσαιπας

530 3144 690 3210 Harduini
711 3153 950 3227 ceterorumque
976 3143 1112 3207 lectione
1142 3143 1193 3206 hio
1219 3143 1487 3210 δναπαλαίσαντας
1511 3142 1573 3205 edi-

528 3249 622 3311 derat
644 3247 834 3331 Bcveregius
851 3247 883 3309 in
906 3246 1055 3329 Synodion
1075 3246 1139 3309 sive
1159 3246 1328 3309 Pondectis
1348 3246 1505 3308 Oanonmn
1520 3244 1575 3307 SS.

528 3354 633 3433 Apott.
646 3358 673 3412 et
686 3349 887 3412 Consiliorum
900 3351 954 3412 διο.
968 3349 1052 3434 quod
1063 3348 1190 3432 quidem
1200 3370 1279 3432 opus
1288 3355 1363 3412 ante
1376 3346 1574 3411 Harduinam
1689 3380 1696 3388 ·

528 3451 740 3516 Conciliorum
760 3452 931 3516 editionem
946 3451 1074 3535 prodiit.
1121 3450 1310 3514 Firmnbnnt
1324 3460 1455 3534 qnctnor
1468 3471 1505 3513 ιν
1518 3457 1576 3513 odo
1688 3532 1697 3543 ι

527 3553 588 3617 illis
603 3555 733 3617 Msstii
752 3553 944 3630 Bodleiano,
967 3576 1047 3638 qnos
1066 3554 1098 3616 in
1119 3554 1214 3638 hujus
1234 3562 1267 3617 et
1286 3552 1448 3637 sequentis
1466 3549 1574 3636 synodi

528 3656 702 3720 canonibus
724 3657 923 3720 recensendis
944 3656 1085 3732 adhibui,
1106 3677 1202 3740 supra
1217 3656 1248 3718 in
1264 3655 1323 3718 vol.
1342 3655 1383 3718 iii.
1400 3677 1430 3739 p.
1450 3673 1521 3738 233.
1536 3653 1576 3717 ad

528 3757 675 3821 Dionrsn
691 3760 792 3820 Anax.
808 3758 989 3841 Ερδτοίαια,
1006 3779 1077 3842 quae
1103 3758 1255 3821 Ocnonicc
1279 3765 1419 3831 vocetur,
1442 3776 1576 3819 comme·

1677 3454 1699 3486 4

1683 3554 1699 3593 Ι

528 3868 678 3924 moratos.
725 3862 827 3922 Porro
843 3868 953 3923 tuetur
967 3861 1101 3923 eandem
1119 3860 1286 3923 lectionem
1301 3858 1324 3921 J
1326 3880 1446 3922 oannes
1462 3857 1575 3922 Antio·
1670 3874 1701 3888 ‘

528 3961 646 4024 chenus
667 3960 700 4023 in
725 3960 896 4023 Collootienc
919 3960 1075 4023 Cononem
1098 3981 1170 4044 pag.
1191 3976 1266 4043 575.
1282 3958 1476 4023 Bibliotheca
1489 3960 1577 4023 er's

530 4061 676 4125 Caesonini
698 4061 818 4137 Veteris,
836 4082 929 4145 quam
945 4060 1115 4124 ediderunt
1132 4059 1258 4123 Voellus
1273 4069 1306 4123 et
1323 4059 1407 4123 Hen.
1424 4060 1445 4123 J
1448 4060 1578 4125 ustellus

529 4161 660 4225 Parisiis
690 4183 774 4225 anno
800 4165 895 4237 1661,
926 4171 994 4225 tuni
1025 4161 1162 4247 Symeon
1193 4162 1352 4246 Magister
1380 4162 1413 4225 in
1439 4163 1577 4247 Epitome

529 4267 688 4329 Cononem
703 4264 778 4326 ibid.
795 4287 824 4347 p.
841 4282 881 4345 72
891 4284 919 4341 ¹3
943 4263 1057 4347 quibus
1072 4265 1173 4327 addas
1188 4265 1348 4328 Zonararn
1368 4264 1401 4327 in
1419 4267 1575 4329 Commeat.

526 4365 676 4429 adhunc
700 4364 870 4442 Cononem,
899 4366 1148 4451 Aristenumque
1172 4366 1269 4430 alium
1294 4376 1576 4433 commentatorem

527 4469 674 4532 Graecum
689 4469 730 4531 ad
746 4467 908 4533 (lenonem
923 4469 1106 4531 sccundum.
1151 4467 1243 4531 Nunc
1263 4468 1375 4532 itidem
1391 4468 1575 4535 Graecornm

1662 3957 1702 3998 ⁴8
