4092 5150
592 427 659 494 τοο
924 414 1294 494 ΑΝΝοΤΑυιοΝΕε

596 599 739 664 Manetis
765 599 998 684 Disputatione,
1022 621 1094 664 oum
1118 599 1232 663 Manes
1253 597 1378 684 lugiens
1397 597 1583 662 advenisset
1602 597 1638 662 ad

594 703 751 788 quendem
773 702 886 779 vicum,
902 702 995 788 longe
1016 703 1058 767 nb
1080 702 1159 766 urbe
1179 701 1330 787 positum,
1344 701 1399 786 qni
1418 700 1638 786 appellabatur

594 805 739 882 Diodori,
764 806 878 888 (κόμην
901 803 1118 884 εὐτελεστάτην
1139 805 1221 868 hano
1241 811 1333 868 vocat
1354 803 1493 888 cyrillus
1514 800 1639 866 Hieros

595 907 713 972 Catccl.
732 909 772 971 vi.
794 929 825 991 p.
840 909 890 991 65.
911 907 960 970 ed.
983 906 1114 991 Morel.)
1138 905 1245 970 extitit
1271 905 1440 990 presbyter
1464 902 1550 968 illius
1574 902 1640 980 loci,

592 1010 719 1073 nomine
738 1016 772 1073 et
791 1009 859 1092 ipse
880 1008 1049 1086 Diodorus,
1066 1031 1133 1093 cap.
1147 1008 1254 1072 xxxix.
1270 1030 1301 1094 p.
1319 1010 1389 1091 176.
1405 1007 1483 1072 edit.
1502 1006 1638 1071 Fabricii

591 1112 676 1197 apud
705 1113 760 1196 Op.
784 1110 1000 1195 &Hrppolpii
1043 1109 1162 1175 Confer
1184 1120 1218 1175 at
1242 1111 1336 1174 verba
1358 1117 1488 1195 patrum
1514 1107 1641 1173 Oosciiii

591 1213 773 1278 Actioodoni
780 1213 931 1276 adversus
942 1213 1077 1277 Paulum
1090 1214 1353 1288 samosatenum
1366 1212 1447 1278 Τοὺς
1455 1212 1639 1277 θωπεύοντες

590 1317 682 1380 αὐτὸν
697 1315 874 1401 (inquiunt)
892 1317 1071 1383 ἐπισκόπους
1085 1322 1145 1380 τῶν
1163 1317 1279 1398 ὁμόρων
1298 1317 1398 1397 ἄγριον
1409 1338 1444 1378 τε
1460 1315 1509 1378 καὶ
1521 1314 1638 1377 πόλειιυ

591 1421 639 1482 καὶ
658 1417 890 1500 πρεσβυτέρους,
910 1417 970 1482 vol.
983 1417 1047 1481 ΙΙΙ.
1067 1419 1241 1504 Ιίσίίηυὶαν.
1257 1418 1346 1482 Scor.
1361 1438 1392 1501 p.
1401 1433 1478 1501 307.
1526 1414 1637 1500 Itaque

590 1520 766 1597 dicendum,
794 1519 820 1583 si
846 1520 963 1584 luerint
989 1523 1019 1584 ol
1041 1521 1233 1602 περιοόευτοί,
1263 1519 1317 1604 qui
1341 1515 1636 1602 chorepiscoporum

589 1622 658 1685 loco
673 1629 785 1707 postea
799 1622 964 1686 constituti
980 1631 1064 1701 sunt,
1080 1623 1256 1709 presbyteri
1273 1623 1434 1705 ἐπιχωρίοι,
1446 1629 1563 1684 contra
1575 1641 1636 1683 non

588 1746 698 1788 omnes
720 1726 895 1807 ἐπιχωρίως
916 1725 1118 1810 presbyteros
1132 1725 1229 1789 luisse
1250 1727 1446 1806 περιοδευτᾶς,
1462 1723 1520 1787 sed
1540 1723 1581 1787 de
1599 1722 1637 1787 iis

588 1834 715 1890 tantum
742 1826 916 1899 nonnullos,
944 1849 1024 1912 quos
1050 1825 1174 1912 quidem
1206 1827 1348 1910 ἐξάρχους
1372 1825 1542 1890 nominant
1565 1824 1636 1889 Ari-

587 1937 698 1995 steuus
712 1936 746 1993 et
764 1928 913 1994 Balsamo
932 1930 963 1992 in
980 1929 1118 1994 Scholia.
1164 1929 1208 1992 Hi
1224 1929 1358 2014 denique
1373 1925 1548 1992 Laodiceni
1562 1950 1634 1992 con·

587 2031 649 2095 cilii
672 2034 864 2112 περιοδεοταὶ,
893 2032 938 2096 sic
961 2031 1063 2096 vocati
1086 2054 1107 2094 a
1126 2031 1344 2106 σίτουυιουιιόο,
1376 2052 1449 2107 που,
1478 2037 1518 2094 ut
1540 2029 1633 2116 aliqui

587 2145 714 2221 putant,
731 2157 750 2198 a
765 2136 909 2212 συοοιιιίο,
924 2136 971 2199 vel
992 2134 1176 2211 ιιιοόίοοιιόο,
1192 2135 1385 2220 deprehendi
1405 2141 1542 2221 possunt
1560 2142 1634 2199 ante

586 2238 753 2304 concilium
778 2237 808 2300 N
810 2238 942 2302 icaenum
961 2238 993 2300 in
1012 2236 1263 2301 circumeuntibus
1276 2246 1302 2300 ct
1314 2233 1486 2321 polemitas
1499 2235 1632 2306 οιίἰίατο.

587 2363 666 2424 quos
686 2355 864 2404 memorant
879 2339 1016 2425 episcopi
1032 2339 1183 2425 AEgyptii
1198 2339 1230 2402 in
1245 2337 1386 2424 Epistola
1403 2358 1463 2402 sua
1480 2337 1529 2402 ad
1541 2336 1631 2402 Molo·

586 2443 663 2507 ίίιιυι
677 2464 697 2506 a
713 2442 858 2527 Scipione
873 2442 983 2506 Maffei
998 2442 1135 2527 primum
1150 2441 1247 2506 edita.
1286 2440 1361 2504 Vid.
1373 2461 1472 2525 supra
1485 2460 1519 2525 p.
1530 2457 1582 2525 92.

632 2545 668 2607 P.
686 2544 791 2629 1851.
809 2565 857 2610 ιι.
877 2547 925 2609 διὰ
947 2545 1000 2624 τὴν
1023 2543 1157 2623 σπουδὴν
1179 2545 1233 2624 τὴν
1254 2545 1295 2611 εἰς
1315 2543 1380 2611 τοὺς
1400 2540 1550 2629 πτωχοὺς]
1570 2541 1632 2622 Τὴν

585 2653 662 2711 ante
683 2649 733 2720 εἰς,
760 2649 843 2731 quod
864 2648 905 2711 nb
928 2647 1020 2711 oditis
1045 2646 1188 2711 Ooaciliis
1212 2655 1309 2731 atque
1336 2644 1509 2709 camdus
1533 2647 1629 2723 abest,

586 2757 659 2833 post
674 2749 878 2835 Beveregium
894 2749 995 2834 posui,
1011 2749 1238 2833 praestantibus
1252 2748 1328 2811 illud
1340 2755 1409 2810 tum
1419 2748 1544 2832 ιοιτῗριίο
1552 2746 1630 2811 Bod-

585 2851 695 2914 isiacis
703 2850 845 2925 omnihus,
859 2860 976 2936 praeter
985 2873 1069 2915 num.
1084 2868 1158 2935 715,
1170 2859 1238 2915 tum
1248 2852 1375 2914 Joanne
1386 2851 1590 2915 Antiocheno
1600 2850 1629 2914 in

587 2954 742 3015 Cononem
760 2955 882 3039 Dipcsto
901 2955 1091 3038 Zonaraque
1110 2954 1142 3016 in
1165 2953 1390 3017 Commentario.
1438 2951 1568 3039 Legisse
1587 2953 1629 3016 in-

584 3063 672 3118 terea
697 3055 888 3119 videbuntur
906 3056 943 3134 ἣν
964 3060 1006 3122 εἰς
1026 3057 1094 3122 τοὺς
1113 3057 1248 3139 πτωχοὺς
1267 3054 1474 3136 προσφέρουσι
1499 3077 1559 3141 pro
1580 3055 1629 3133 την

586 3157 643 3218 &a
686 3156 858 3241 Dionysius
883 3168 981 3242 atque
1008 3159 1158 3236 Isidorus,
1183 3159 1209 3221 si
1238 3157 1360 3222 Latinae
1386 3157 1530 3242 ipsorum
1553 3157 1629 3221 Ver·

583 3258 687 3322 aiones
702 3259 920 3342 inspiciantur,
936 3261 1031 3325 aliter
1048 3284 1122 3325 vero
1139 3285 1173 3325 se
1193 3261 1305 3325 Prisca
1329 3260 1431 3323 Verrio
1443 3260 1628 3324 Ιιιιίοίίίιιιισ

583 3360 690 3424 habet.
722 3362 866 3425 Zonaras
881 3362 1038 3447 interpres
1052 3362 1370 3444 υἰί-προσφέρειν
1381 3366 1414 3426 δὲ
1423 3364 1458 3426 οὐ
1467 3363 1628 3428 κωλύονται

583 3467 631 3525 διὰ
647 3464 700 3541 τὴν
716 3465 849 3542 σπουδὴν
870 3466 924 3542 τὴν
944 3468 985 3530 είς
999 3466 1067 3531 τοὺς
1087 3468 1223 3548 πτωχοὺς
1243 3466 1410 3543 τιμώμενοι.
1433 3468 1487 3532 τὰς
1502 3468 1561 3547 γᾶρ
1574 3470 1628 3527 τῶν
1691 3445 1704 3457 1

583 3568 759 3643 ἐκκλησιῶν,
780 3569 822 3629 ὧν
841 3566 1030 3646 προίσταντο,
1054 3568 1216 3649 προσόδους
1237 3570 1280 3635 είς
1300 3568 1435 3650 πτωχοὺς
1454 3568 1628 3631 ἀναλίσκειν

582 3667 725 3749 ὤφειλον,
743 3670 790 3731 καὶ
805 3674 998 3749 προνοεῖσθαι
1013 3672 1118 3744 αὐτῶν,
1136 3672 1184 3734 καὶ
1198 3675 1284 3732 τοῦτο
1300 3674 1463 3740 ποιοῦντες,
1478 3671 1626 3747 ἐτιμῶντο.

582 3775 609 3835 εί
623 3775 654 3835 δὲ
671 3779 732 3837 τοῖς
751 3774 986 3853 χωρεπισκόποις
1005 3774 1157 3851 ὀφείλημα
1171 3772 1208 3850 ἣν
1230 3774 1267 3835 τὸ
1290 3764 1421 3849 Κυριακᾶ
1440 3769 1577 3851 χρήματα
1591 3770 1629 3835 εἰς

581 3874 715 3957 πτωχοὺς
734 3878 879 3955 δαπανξιν,
903 3875 988 3958 πόσῳ
1011 3879 1131 3952 μᾶλλον
1157 3879 1243 3937 τοῦτο
1267 3878 1328 3939 τοῖς
1352 3874 1528 3938 ἐπισκόποις
1548 3873 1628 3953 darl-

581 3984 684 4049 λετοι;
709 3977 791 4040 Vult
812 3975 934 4039 interea
952 3977 975 4039 J
978 3977 1149 4052 chrannus,
1164 3999 1221 4040 uec
1241 3975 1323 4039 mole
1338 3975 1458 4050 forsan,
1473 3974 1629 4039 vocareris

580 4079 715 4159 πτωχοὺς
730 4078 789 4140 hoo
804 4077 873 4141 loco
888 4078 1108 4163 intelligendos
1123 4101 1191 4143 esse
1202 4078 1348 4153 rusticos,
1363 4076 1417 4161 qui
1432 4096 1500 4160 prae
1512 4077 1628 4140 civibus

580 4178 645 4241 fere
660 4179 724 4243 sint
746 4201 910 4264 pauperes.
957 4183 1055 4245 Certe
1072 4183 1114 4245 ad
1130 4181 1371 4266 chorepiscopos
1386 4189 1546 4263 quatenus
1565 4177 1626 4264 epi·

580 4301 702 4364 scopos,
718 4303 795 4344 cura
814 4304 989 4366 pauperum
1012 4284 1171 4369 praecipue
1192 4282 1383 4368 pertinebat.
1429 4279 1468 4345 ‘0
1485 4280 1624 4361 προϊστά-

578 4406 666 4459 μενος
686 4383 734 4447 nit
752 4384 915 4467 apostolus
939 4387 973 4447 ἐν
996 4388 1112 4472 σπουδῇ
1134 4386 1167 4448 in
1189 4384 1312 4469 ορίςίοία
1334 4406 1392 4447 sua
1411 4383 1458 4447 cd
1476 4385 1624 4447 Ιίουιοιιυι
