4092 5150
472 411 538 478 262
647 413 922 478 CONCILIUM
946 411 1343 478 ELIBERITANUM.

472 586 605 671 ligantes
626 585 704 671 quid
727 584 911 658 amiserint;
946 584 1067 670 placuit
1088 606 1148 649 neo
1172 585 1207 649 in
1226 586 1290 649 fine
1314 584 1362 649 eis
1385 583 1528 650 dandum

471 718 542 760 esse
556 696 818 760 eommuuionem.
861 695 976 776 ⁸Quod
993 695 1021 759 si
1035 695 1133 759 semel
1149 716 1320 781 persuseae,
1334 702 1396 760 aut
1409 693 1528 759 infirmi

471 806 613 891 eorporis
634 807 727 892 lapsu
749 805 883 882 vitiatae,
898 806 983 869 omni
1004 813 1149 892 tempore
1164 804 1239 870 vitoe
1257 827 1324 870 suoe
1344 805 1528 891 hujusmodi

471 917 597 982 femiuae
618 917 741 1003 egerint
763 916 995 1001 poenitentiam,
1012 925 1049 981 ut
1068 916 1253 982 abstineant
1272 938 1308 980 se
1323 939 1346 981 a
1359 917 1468 981 ooitu:
1490 937 1528 981 eo

471 1029 556 1114 quod
581 1029 679 1114 lapsae
700 1027 808 1114 potius
828 1028 1005 1105 videantur,
1025 1028 1155 1113 pleouit,
1173 1050 1228 1092 eae
1245 1028 1280 1091 in
1301 1026 1365 1091 line
1388 1048 1529 1091 eommu-

473 1137 600 1203 nionem
613 1138 757 1223 eoeipere
771 1139 898 1202 debere.

947 1248 1048 1313 XIV.

517 1358 669 1443 Virgines
694 1378 765 1442 quae
791 1357 1007 1442 virginitatem
1034 1380 1126 1423 suam
1154 1381 1218 1423 non
1246 1358 1472 1436 eustodierint,
1502 1359 1528 1423 si

473 1469 611 1545 eosdem,
627 1467 681 1552 qui
696 1490 751 1531 eas
764 1467 963 1544 violaverint,
977 1468 1137 1545 duxerint,
1150 1477 1184 1533 et
1196 1468 1359 1533 tenuerint
1374 1471 1510 1535 meritos
1518 1495 1528 1547 ;

472 1581 612 1664 eoquod
632 1581 717 1644 solas
736 1579 865 1665 nuptias
889 1579 1084 1656 violaverint
1101 1583 1111 1619 ²
1120 1586 1193 1665 post
1207 1603 1326 1644 anuum
1344 1581 1413 1645 eine
1428 1581 1529 1667 poeui-

474 1689 589 1767 tentia,
618 1690 813 1755 reconciliari
842 1692 1015 1755 debebunt.
1070 1690 1127 1754 Vel
1156 1691 1183 1755 si
1212 1691 1292 1756 alios
1321 1693 1528 1778 eognoverint

475 1800 577 1873 viros;
608 1822 646 1864 eo
673 1801 759 1885 quod
785 1800 954 1865 moeohetae
980 1800 1054 1877 sint,
1082 1800 1212 1886 placuit,
1238 1823 1295 1885 per
1320 1801 1528 1887 quinquennii

474 1918 630 1994 tempora,
646 1917 721 1974 aeta
735 1910 878 1995 legitima
892 1909 1093 1996 poenitentia,
1109 1910 1238 1975 admitti
1254 1933 1311 1975 eae
1330 1912 1374 1975 ad
1389 1933 1527 1975 eommu-

475 2020 602 2084 nionem
617 2026 773 2105 oportere

962 2130 1040 2191 XV.

520 2243 659 2326 Propter
673 2240 798 2326 oopiam
815 2238 1000 2325 puellarum,
1018 2237 1201 2302 Gentilibus
1221 2239 1349 2304 minime
1364 2239 1397 2304 in
1415 2240 1527 2305 matri-

475 2351 616 2414 monium
631 2350 745 2414 dandae
765 2356 840 2413 sunt
859 2347 997 2433 virgines
1012 2348 1223 2413 Christianae:
1248 2371 1289 2413 ne
1307 2357 1389 2414 aetas
1403 2350 1437 2413 in
1451 2349 1530 2414 flore

475 2470 610 2537 tumens,
627 2460 660 2524 in
674 2459 832 2524 adulterio
846 2458 961 2523 animae
976 2458 1162 2523 resolvatur.

953 2568 1050 2632 XVI.

520 2680 685 2759 Haeretici,
701 2681 748 2744 uei
762 2703 796 2745 ee
811 2680 984 2744 transferre
1005 2681 1164 2746 noluerint
1183 2681 1225 2745 ad
1240 2682 1405 2747 ecelesiam
1420 2684 1531 2749 ostho-

475 2793 580 2870 lioam,
596 2815 654 2856 neo
677 2792 753 2877 ipsis
768 2792 942 2857 eatholioas
956 2793 1080 2857 dandas
1101 2815 1169 2856 esee
1186 2792 1326 2879 puellae:
1351 2795 1407 2858 sed
1428 2817 1531 2881 neque

474 2905 499 2965 J
502 2903 611 2980 udaeis,
626 2925 727 2987 neque
739 2903 908 2980 haeretiois,
920 2903 997 2966 dare
1012 2903 1151 2988 plaouit;
1176 2904 1310 2988 eoquod
1327 2904 1415 2968 nulla
1430 2906 1532 2991 possit

475 3036 545 3078 esse
571 3015 707 3079 societas
735 3014 819 3078 fideli
849 3037 920 3078 oum
950 3015 1077 3078 infideli.
1124 3015 1158 3078 si
1185 3022 1297 3079 eontra
1323 3015 1532 3081 interdictum

476 3125 609 3190 fecerint
624 3132 781 3210 parentes,
798 3136 813 3163 ¹
822 3124 976 3190 abstineri
990 3147 1048 3210 per
1063 3125 1310 3209 quinquennium
1327 3126 1442 3210 placet

940 3233 1060 3297 XVII.

521 3342 556 3408 Si
571 3343 625 3428 qui
639 3343 722 3408 forte
737 3344 956 3408 sacerdotibus
976 3343 1132 3407 idolorum
1146 3344 1227 3408 filias
1252 3367 1326 3409 suas
1341 3345 1531 3430 junxerint3

477 3444 605 3530 placuit,
622 3468 680 3509 nee
694 3446 727 3509 in
741 3447 804 3511 fine
819 3446 864 3510 eis
879 3446 1017 3510 dandam
1034 3468 1102 3510 esea
1117 3445 1381 3510 communionem.

933 3556 1071 3620 XVIII.

520 3665 706 3752 lEpisoopi,
728 3667 914 3752 presbyteri,
930 3674 964 3732 et
987 3668 1135 3732 diacones
1151 3668 1191 3731 de
1212 3668 1289 3732 locis
1310 3668 1385 3745 suis,
1407 3671 1532 3757 negoti·

510 3835 648 3893 Mysiis-re,
660 3836 693 3881 sio
701 3836 792 3884 edidit:
810 3835 914 3893 Quodsi
929 3837 1068 3899 semetipsas
1084 3837 1231 3899 poenioierit,
1243 3839 1306 3899 quod
1320 3838 1466 3889 infimitate
1480 3857 1533 3890 οω-

477 3915 541 3976 poris
552 3915 623 3977 lapsu
635 3916 734 3974 suerint,
746 3925 771 3964 et
782 3927 832 3964 toto
843 3927 957 3979 tempore,
968 3920 1014 3965 &a
1081 3920 1143 3965 tun
1156 3918 1281 3977 Roianus,
1291 3919 1331 3965 lib.
1341 3920 1432 3968 Pensa
1444 3937 1498 3983 esp.
1507 3939 1532 3982 4.

474 4002 500 4044 et
515 3999 543 4042 r'n
559 3999 628 4058 spise.
644 3999 678 4044 od
693 3998 820 4046 Heriluld.
838 4013 890 4060 oap.
902 4012 940 4060 ²3·
957 4015 988 4046 er
1006 4001 1078 4047 Cmio.
1091 4000 1153 4047 Elio.
1166 4015 1218 4062 esp.
1231 4014 1267 4060 ¹4·
1285 4002 1321 4047 As
1338 4001 1441 4062 Roaiam,
1454 4003 1534 4052 lib-ii.

475 4093 527 4139 esp.
541 4088 594 4137 ¹5¹·
613 4079 705 4125 Burei.
717 4078 802 4125 lib.i1.
819 4095 871 4141 nep.
885 4094 922 4139 ¹4·
933 4086 956 4128 el
967 4083 1020 4140 Iro,
1037 4093 1098 4142 paro
1108 4082 1158 4129 viii.
1175 4098 1226 4144 oep.
1242 4094 1295 4144 15².
1312 4085 1346 4130 sio
1362 4084 1531 4146 interpolent.-

477 4169 530 4221 post
540 4159 706 4221 penitentiam
719 4161 792 4208 unius
802 4162 871 4216 anni,
883 4162 1075 4211 rsooncilientur.
1160 4174 1175 4203 ¹1
1187 4165 1302 4224 Apsum,
1314 4165 1355 4226 qul
1368 4176 1440 4215 erant
1449 4169 1481 4214 ab
1491 4183 1532 4217 eo-

476 4240 548 4290 clesis
558 4241 621 4290 esth.
700 4244 843 4305 πΑριιὶννσ,
854 4244 981 4293 abstinere.
1065 4256 1078 4293 r
1093 4246 1193 4306 Βορέω,
1205 4246 1246 4293 lib.
1256 4247 1270 4293 i.
1284 4261 1334 4309 esp
1345 4260 1400 4307 ²²7·
1412 4264 1445 4297 ex
1457 4251 1532 4300 Cone.

478 4321 541 4368 Elio.
566 4324 611 4370 Eae
626 4322 665 4370 hio
683 4325 769 4371 Canon
778 4337 838 4372 xix.
856 4326 924 4387 opud
939 4328 1066 4388 Apus'rrs:
1083 4343 1250 4389 sequentem
1261 4341 1345 4376 xvnr.
1381 4328 1435 4392 (Sir
1450 4331 1477 4379 ln
1493 4333 1532 4380 od.

482 4403 594 4466 Matris.)
