4092 5150
558 424 622 484 144
889 422 1262 486 ANNOTATIONES
1377 430 1379 434 ’

559 591 719 674 σχεθέντες
734 592 773 657 ὦς
788 594 972 671 Χριστιανοί·
995 594 1159 673 ἆφύτιστοι
1180 595 1212 655 δὲ
1235 594 1319 657 ὄντες
1336 594 1411 671 aeth
1425 595 1520 654 τοῦτο
1535 593 1606 666 ἐβο-

557 696 736 773 πτίσθησαυ·
760 696 846 757 οὐδὲν
862 694 967 759 αύτούς
982 696 1090 757 κωλύει
1103 694 1138 756 τὸ
1156 698 1245 757 θῦσαι
1260 696 1301 759 εἰς
1314 695 1349 756 τὸ
1363 697 1553 776 προαχθῆναι
1567 696 1609 759 εἰς

557 796 652 874 τάξιν,
667 795 820 860 τουτέστιν
837 798 877 861 εἰς
893 798 1053 875 ἱερωσύνης
1067 798 1197 875 βαθμύν.
1220 796 1254 859 τὸ
1271 799 1329 876 γὰρ
1340 793 1429 877 ἅγιον
1439 796 1606 875 βάπτισμα,

557 896 677 960 ἅπαντα
688 901 725 960 τὰ
736 900 836 979 πρύην
846 900 1023 978 μολύσμιιτα
1033 900 1203 963 ἀπολοῦσαι
1212 899 1260 962 καὶ
1270 898 1429 979 ἐκκοθάραι
1437 900 1609 961 πιστεύεται

558 1002 648 1063 ὁποῖα
663 999 700 1062 ἆυ
716 999 786 1063 εἶευ.
810 999 890 1063 Oum
905 1000 966 1064 hoc
982 1002 1113 1063 Conone
1129 1001 1235 1065 confer
1249 1008 1283 1065 et
1298 1001 1378 1065 Can.
1395 999 1496 1063 XIV.
1507 999 1607 1083 ejusd.

559 1101 693 1166 Coacilii
707 1103 846 1177 Nicaeni,
864 1110 896 1165 et
913 1104 991 1165 Can.
1010 1104 1067 1165 IV.
1083 1101 1229 1187 Epssloloe
1247 1103 1409 1166 Occoaicae
1424 1101 1546 1165 Basilii
1559 1102 1606 1165 M.

559 1205 784 1290 Canonemque
806 1203 883 1267 item
911 1205 968 1266 IV.
994 1204 1221 1267 Commone'lmii
1247 1203 1409 1289 Theophili
1430 1203 1522 1268 Alce.
1568 1205 1607 1267 In

559 1328 650 1371 sacro
670 1314 778 1370 autem
801 1305 926 1369 lavacro
948 1304 1033 1369 ablui
1056 1313 1154 1390 atque
1177 1305 1295 1390 ignosci
1315 1305 1499 1369 hominibus
1517 1327 1609 1370 omno

559 1418 736 1493 peccatum,
751 1408 896 1472 universa
911 1408 1047 1472 credidit
1061 1407 1248 1492 antiquitas.

939 1577 1092 1642 OANON
1117 1578 1225 1641 XIII.
1351 1577 1355 1585 '

604 1709 641 1776 P.
658 1730 727 1775 τοι.
744 1712 764 1775 l.
785 1732 832 1792 ¹4·
851 1713 1106 1795 Χορεπισκύποις]
1126 1710 1277 1776 Ostendit
1291 1712 1496 1777 doctissimas
1512 1712 1613 1778 Beue·

560 1815 665 1900 regius
695 1815 822 1878 uberius
851 1814 902 1878 hic
931 1816 1101 1891 adnotans,
1128 1814 1369 1900 chorepiscopos
1398 1838 1520 1893 omnes,
1546 1817 1611 1882 sivo

559 1918 725 2002 episcopos
753 1917 785 1979 in
816 1939 889 1979 rure
919 1918 1121 1991 constitutos,
1152 1939 1344 2002 quamquam
1374 1920 1413 1984 iis
1447 1940 1613 1984 muneram

560 2021 682 2104 aliquot
711 2020 935 2105 episcopalium
967 2020 1153 2084 exercitium
1186 2020 1359 2084 canonibus
1390 2020 1612 2086 ecclesiasticis

560 2131 617 2187 aut
633 2124 823 2207 denegatum
840 2122 1014 2198 meritant
1030 2122 1143 2186 saltem
1155 2122 1307 2187 limitibus
1318 2131 1407 2188 arcte
1418 2124 1610 2201 conclusum,

560 2247 670 2288 revera
701 2224 864 2310 episcopos
889 2225 994 2288 fuisse.
1040 2224 1126 2287 Vide
1152 2234 1184 2288 et
1212 2224 1380 2310 Binghami
1409 2227 1499 2311 Orio.
1525 2224 1609 2291 Eccl.

560 2328 612 2391 lib.
629 2328 660 2390 ii.
676 2350 746 2411 cap.
767 2348 812 2406 ¹4·
859 2328 932 2413 lpse
947 2337 1054 2391 autem
1070 2327 1242 2390 Rhabanus
1260 2328 1405 2406 Maurus,
1420 2329 1474 2413 qui
1495 2328 1610 2393 saeoulo

561 2451 644 2492 nono
659 2428 797 2492 libellum
812 2430 862 2492 Dc
880 2428 1104 2513 Charopisoopis
1117 2429 1313 2513 conscripsit,
1326 2451 1454 2493 causam
1469 2429 1610 2515 ipsorum

529 2582 531 2584 -
562 2540 687 2597 tutatus
702 2540 760 2610 est,
775 2554 812 2596 ac
827 2532 935 2596 munia
950 2531 1117 2615 exposuit;
1142 2531 1226 2617 quod
1242 2531 1367 2617 quidem
1383 2552 1463 2616 opus
1477 2532 1511 2596 in
1522 2540 1610 2598 tomo

561 2645 674 2700 octavo
692 2635 894 2699 Conciliomm
913 2658 933 2698 a
955 2635 1095 2698 Labbaeo
1113 2644 1146 2698 et
1166 2632 1328 2697 Oossartio
1346 2633 1504 2698 editorum
1523 2635 1611 2720 prins

558 2747 684 2813 extans,
701 2740 742 2802 ad
758 2740 852 2801 finem
867 2761 991 2821 quoque
1006 2737 1098 2800 pem·
1118 2736 1154 2800 de
1168 2736 1284 2799 Merca
1302 2737 1339 2800 de
1361 2737 1531 2802 Concordia
1552 2740 1610 2803 Sc

557 2841 685 2904 cordolio?
710 2850 737 2904 et
761 2841 893 2925 impetui
921 2863 942 2902 a
969 2838 1099 2902 Baluzio
1125 2838 1313 2902 collocatum
1340 2847 1408 2912 est;
1441 2847 1543 2924 atque
1570 2863 1610 2905 ex

560 2940 614 3003 illo
636 2942 732 3005 verba
753 2942 896 3026 apprime
916 2942 1012 3023 digna
1035 2949 1149 3005 notatu
1173 2940 1255 3004 infra
1274 2940 1482 3005 describenda
1504 2942 1610 3006 censui

558 3043 603 3105 ad
632 3043 792 3107 Oanoncm
825 3044 933 3106 XIII.
965 3041 1380 3118 ConciliINoocoesooieoeis,
1405 3041 1610 3126 quiquidem

559 3167 663 3209 canon
678 3147 717 3209 dc
733 3146 973 3230 Ghoropiscopis
988 3146 1065 3230 agit.

607 3248 689 3311 Ibid.
714 3252 956 3328 Χυρεπισκόποις
977 3250 1016 3327 μὴ
1040 3251 1150 3326 ἐξεῖναι
1172 3247 1247 3333 dcc]
1280 3249 1365 3326 Μηδὲ
1391 3248 1611 3329 πρεσβυτέρους

560 3353 687 3418 πόλεως.
734 3352 823 3427 Haeo,
849 3373 943 3434 qnam
967 3351 1161 3427 exhibemus,
1187 3357 1337 3414 constans
1362 3357 1412 3413 est
1434 3350 1529 3434 hujus
1550 3350 1610 3415 loci

562 3453 665 3527 lectio,
683 3476 744 3518 non
760 3455 854 3516 modo
869 3455 899 3516 in
918 3454 990 3517 MS.
1004 3454 1188 3530 Bodleiano,
1203 3454 1257 3516 sod
1273 3461 1306 3517 ot
1321 3452 1352 3515 in
1368 3453 1515 3517 omnibus
1530 3453 1608 3534 aliis,

562 3566 629 3620 tam
653 3556 859 3629 Balsamonis,
884 3579 978 3639 qnam
995 3558 1142 3632 Zonarae,
1162 3557 1226 3619 sive
1248 3557 1408 3640 impressis
1428 3556 1494 3620 sive
1513 3577 1608 3621 mann

562 3660 702 3722 exaratis
717 3659 895 3734 codicibus;
918 3659 976 3722 nisi
993 3661 1077 3743 quod
1093 3660 1124 3722 in
1141 3659 1289 3723 Gallandi
1312 3659 1420 3723 codice
1440 3681 1500 3743 pro
1519 3684 1609 3740 πρεσ-

560 3762 703 3843 βυτέρους
718 3762 843 3845 legatur
857 3765 1073 3843 πρεσβύτερον,
1090 3784 1182 3825 sonsa
1199 3761 1275 3823 nihil
1291 3769 1425 3824 mutato.
1449 3760 1610 3826 Zonaram

562 3865 658 3928 etiam
674 3863 894 3945 πρεσβυτέρους
909 3864 1021 3946 legisse
1037 3887 1076 3927 ox
1092 3864 1218 3927 scholiis
1233 3863 1300 3948 ejus
1312 3870 1422 3947 patet:
1447 3863 1610 3928 Cononem

561 3967 645 4030 enim
668 3967 715 4030 ita
736 3967 977 4047 interpretatur,
996 3988 1034 4029 ac
1057 3967 1083 4030 si
1105 3966 1156 4030 hic
1179 3965 1420 4050 chorepiscopis
1441 3965 1609 4032 interdico·

562 4079 652 4133 retur
676 4069 878 4152 presbyteros
905 4068 1001 4132 etiam
1026 4068 1056 4130 in
1079 4070 1158 4132 urbe
1180 4068 1287 4152 aliqua
1309 4067 1511 4133 constituero.
1558 4070 1609 4148 Μὴ

563 4175 673 4249 ἐξεῖναι
688 4171 785 4237 αὐτοῖς
798 4173 1004 4251 πρεσβύτερον
1026 4169 1043 4248 ἢ
1062 4171 1199 4234 διάκονον
1220 4177 1413 4253 χειροτονεῖν,
1434 4172 1518 4235 ἀλλὰ
1536 4173 1608 4252 μηδὲ

562 4272 783 4353 πρεσβυτέρους
808 4273 841 4334 ἓν
863 4274 951 4335 πόλει
977 4275 1131 4356 καθιστᾷυ.
1191 4273 1284 4336 Hanc
1309 4282 1418 4337 autem
1441 4272 1608 4338 lectionem

563 4364 727 4439 ernoncam
743 4396 812 4437 osse
828 4381 918 4437 oxtm
943 4375 1072 4438 dubium
1095 4383 1154 4439 est.
1202 4374 1284 4438 Nem
1305 4376 1336 4438 in
1357 4375 1461 4460 prima
1480 4377 1608 4441 canonis
