4092 5150
487 410 551 489 rto
821 420 1201 488 Auuornnrouns

485 614 601 655 summe
630 585 1525 678 rmmtodoeeimeepumootemqud

485 695 683 778 Απογτοιοπί
697 716 820 758 oenones
834 695 1037 760 ιίοοιυοοτινικ.
1118 742 1120 747 -

529 800 567 861 P.
595 816 664 882 125.
687 798 708 861 I.
735 817 784 862 ιτ.
809 800 1087 883 καταξιούσθοσαν]
1112 799 1248 864 Ζοιιοτω
1276 800 1525 864 emerius:

485 900 582 966 Ούτος
595 903 651 979 μέν
666 903 682 963 δ
699 904 806 976 κανδν,
819 903 1035 980 ἀκοινωνησίος
1049 903 1181 986 ἐπιτιμίῳ
1197 902 1316 980 κολάζει
1330 902 1386 965 τδν
1400 904 1528 966 ἑκούσιον

485 1003 582 1081 φόνον
606 1003 646 1081 μη
670 1010 833 1086 συγχωρῶν
855 1004 995 1087 μετέχειν
1017 1011 1077 1068 τῶν
1101 1003 1295 1086 δγιασμάτον
1316 1005 1374 1067 τδιτ
1395 1005 1528 1068 έκονσίιις

484 1105 686 1185 φονεύσαντα,
703 1107 730 1168 εί
743 1106 784 1185 μὴ
799 1107 833 1168 έν
847 1107 887 1191 τῷ
903 1106 985 1169 τέλει
999 1111 1053 1169 τοῦ
1066 1108 1145 1185 βίον·
1175 1110 1193 1170 ὁ
1215 1109 1248 1170 δέ
1266 1107 1363 1186 μέγας
1377 1106 1529 1172 Βασίλεια

484 1207 519 1269 έν
532 1209 722 1293 πεντηκοστῷ
737 1208 811 1291 έκττρ
827 1211 929 1272 κανόνι
945 1210 1134 1272 είκοσαετίαν
1153 1211 1242 1290 ὁρίζει
1261 1209 1312 1271 ert
1325 1209 1432 1291 ταύτης,
1447 1208 1528 1272 οὗτος

484 1309 576 1387 αὐτὴν
590 1315 719 1390 διαιρῶν,
737 1314 933 1390 προσκλοίειν
947 1314 1003 1390 μὲν
1018 1313 1199 1392 τετραετίαν,
1211 1312 1380 1391 ἀκροᾶσθαι
1389 1313 1434 1383 δὲ,
1446 1309 1528 1374 πέντε

485 1413 545 1489 ἔτη,
560 1414 738 1476 ὑποπίπτειν
759 1416 801 1488 δὲ,
826 1416 901 1475 ems
923 1413 1020 1494 ἔτερα,
1046 1413 1093 1475 καί
1115 1417 1313 1477 συνίστασθαι
1334 1418 1399 1479 τοῖς
1419 1417 1527 1477 πιστοῖτ

484 1513 533 1574 ἐπὶ
552 1514 732 1593 τετραετίαν,
750 1515 797 1576 καὶ
819 1515 931 1578 τούτοιν
954 1514 1194 1595 ἑκμετρουμόνον
1211 1513 1353 1596 μετέχειν
1370 1519 1432 1577 τόν
1450 1516 1527 1594 δγια·

482 1613 612 1693 σμάτων.

848 1739 1002 1806 OANON
1026 1737 1166 1805 XXIII.

526 1877 609 1941 ibid.
625 1877 646 1942 Ι.
663 1899 709 1958 14.
732 1876 803 1942 Ἐπί
826 1880 974 1942 ἀκουσίων
1004 1880 1075 1962 διο]
1106 1875 1241 1943 Zonom
1268 1876 1524 1943 commutarim:

479 1981 568 2046 Τίνες
584 1980 660 2043 είσὶν
676 1982 810 2044 ἀκούσιοι
824 1985 913 2063 φόνοι
929 1983 976 2045 καὶ
991 1984 1068 2049 τίνες
1088 1984 1217 2046 ἑκούσιοι
1230 1985 1247 2045 δ
1260 1981 1357 2065 μέγας
1373 1986 1526 2048 Βασίλειον

481 2083 515 2144 έν
530 2084 626 2166 ὀγδόῳ
642 2083 731 2145 αὐτοῦ
754 2086 857 2147 κανόνι
875 2085 1014 2164 ὁρίζεται,
1037 2084 1071 2146 έν
1092 2085 1125 2145 δὲ
1139 2087 1179 2167 τῷ
1203 2081 1257 2160 νῖ.
1288 2087 1393 2148 κανόνι
1416 2086 1466 2148 ἐπὶ
1486 2089 1526 2147 δε·

480 2187 600 2248 καετίαν
615 2186 814 2264 ἀκοινώνητον
830 2186 905 2249 εἶναι
920 2186 974 2249 τὸν
989 2186 1135 2252 ἀκουσίως
1154 2189 1348 2266 φονεύσαντα
1367 2190 1526 2268 διορίζεται.

480 2291 571 2355 ούτως
584 2292 617 2352 δὲ
631 2289 686 2367 τὴν
705 2291 859 2353 δεκαετίαν
882 2290 1065 2369 καταμερίζει
1088 2291 1130 2354 είς
1146 2289 1214 2355 τοὺς
1232 2289 1342 2356 τόπους
1360 2295 1422 2353 τῶν
1443 2293 1527 2354 έπιτι-

479 2394 564 2470 μίου·
587 2394 639 2455 δύο
662 2394 727 2471 μέν,
751 2394 855 2473 φησὶν,
878 2393 929 2471 έτη
951 2392 1156 2473 προσκλαύσει
1177 2392 1233 2470 ἔξω
1255 2397 1308 2455 τοῦ
1329 2397 1405 2456 ναοῦ
1429 2394 1525 2458 leros·

480 2495 546 2572 τρία
561 2496 593 2557 δέ
609 2494 660 2572 έτη
673 2495 707 2556 έν
721 2494 862 2573 ἀκροάσει
877 2496 971 2558 ἔσται·
994 2494 1130 2573 τέσσαρα
1144 2494 1177 2554 δὲ
1192 2491 1243 2570 ἔτη
1262 2493 1468 2568 ύποπεσεῖται,
1484 2492 1527 2555 καί

480 2598 616 2661 ἐνιαυτὸν
631 2597 822 2676 σταθήσεται,
840 2599 887 2661 καί
902 2600 941 2683 τῷ
959 2601 1024 2676 ἑξῆς
1039 2600 1081 2663 είς
1095 2600 1132 2659 τδ
1151 2596 1222 2676 δγια
1242 2592 1432 2675 δεχόήσεται
1476 2594 1527 2657 Ad

478 2698 652 2763 homicidas
674 2699 901 2764 involuntarios
920 2701 1005 2784 quod
1027 2699 1155 2776 attinet,
1177 2720 1231 2761 eos
1254 2696 1405 2777 διαφόρως
1426 2699 1523 2761 έκανό·

479 2828 569 2866 νισου
585 2802 747 2885 (inquiunt
762 2803 954 2866 recentiores
969 2803 1160 2886 interpretes
1176 2799 1278 2865 Graeei
1293 2799 1336 2862 ad
1348 2800 1525 2885 Pedalium)

478 2906 507 2967 οἱ
521 2905 578 2984 πρὸ
594 2909 645 2983 τῆς
660 2906 786 2967 συνόδου
802 2907 909 2983 ταύτης
923 2904 1123 2985 διορισθέντες
1138 2905 1196 2967 δύο
1211 2904 1335 2967 κανόνες
1346 2904 1415 2983 περὶ
1426 2904 1526 2966 αὐτῶν.

475 3005 515 3070 ‘0
530 3010 586 3085 μὲν
600 3010 657 3088 γὰρ
673 3009 868 3087 παλαιότερος
884 3010 926 3074 είς
941 3010 1015 3070 έπτά
1029 3007 1157 3088 χρόνους
1168 3006 1526 3079 κανονίζειτούτους-

478 3111 494 3171 ὁ
511 3111 543 3171 δὲ
557 3108 810 3189 μεταγενέστερος
826 3111 922 3171 κανὼν
943 3111 984 3176 είς
1003 3108 1093 3170 πέντε
1112 3108 1237 3189 χρόνους
1251 3104 1355 3172 αὐτοὺς
1371 3107 1524 3183 κανονίζει.

478 3211 526 3274 At
548 3233 623 3274 vero
645 3211 686 3273 ed
713 3211 809 3274 imam
835 3211 968 3273 eundem
993 3209 1144 3294 paginam
1169 3208 1229 3270 hoo
1253 3206 1446 3270 adnotatum
1469 3219 1525 3270 est.

475 3306 515 3377 ‘0
529 3314 781 3394 μετογενέστερος
796 3315 844 3376 καὶ
858 3315 992 3392 δεύτερος
1006 3312 1074 3391 περὶ
1094 3318 1153 3374 τῶν
1173 3309 1317 3374 ἀκουσίως
1336 3311 1525 3389 φονευόντων

477 3414 584 3492 ravon,
606 3419 679 3482 ἴσως
701 3415 777 3478 εἶναι
800 3417 884 3480 οὗτος
907 3414 923 3478 ὁ
947 3413 992 3495 κγ’
1017 3411 1115 3477 κανιδν
1137 3417 1187 3491 τῆς
1209 3414 1361 3492 παρούσης
1384 3416 1519 3476 συνόδου.

479 3518 558 3583 Fine
570 3518 707 3583 (lenonis
722 3518 820 3583 hebet
835 3518 1026 3603 Beveregius
1041 3516 1311 3582 consentientibus
1327 3516 1420 3581 codd.
1436 3516 1522 3579 Bodi.

476 3627 634 3701 πληρῶσαι
649 3643 707 3704 ρτο
722 3621 809 3685 edito
825 3622 984 3701 πληρώσει

840 3846 1006 3909 CANON
1031 3845 1164 3908 XXIV.

519 3977 556 4038 P.
577 3978 647 4038 126.
664 3976 685 4040 l.
703 3996 729 4039 2.
746 3982 804 4038 τῶν
820 3972 928 4059 έόνῶν]
947 3974 1129 4058 Legendum
1146 3976 1241 4035 έθνῶν
1257 3972 1375 4058 (Vulpe
1390 3976 1520 4057 χρόνον)

474 4098 513 4140 ox
529 4077 656 4141 Zonera
671 4088 704 4141 et
721 4078 843 4141 Latinis
858 4076 1094 4161 interpretibus.
1111 4075 1274 4138 Hennuru.
1320 4076 1425 4140 Immo
1440 4078 1521 4140 eddo

474 4201 578 4253 οπιτινς,
603 4188 759 4264 quotquot
779 4179 978 4264 inspexerim,
1001 4181 1112 4243 codices
1132 4177 1325 4254 Bodleiano,
1345 4186 1378 4241 et
1399 4179 1522 4242 οοόιῗνεπι

475 4282 633 4344 Caesonem
647 4280 873 4359 Ιιιςίοίίὶαιιοπι,
893 4280 1045 4344 Gentinni
1068 4276 1204 4342 Herveti
1228 4277 1385 4339 Οοιιοπουι
1409 4278 1522 4340 Venno

471 4402 549 4458 nem,
572 4381 728 4446 Ioannem
752 4384 901 4446 Antioch.
924 4382 955 4446 S.
973 4382 1125 4446 Basilium
1147 4380 1180 4441 in
1200 4377 1341 4462 Epistola
1359 4380 1521 4452 Genesion,
