4092 5150
477 421 540 484 120
732 447 745 471 ·-
774 418 1024 499 RELIQUIAE
1051 417 1228 484 sne-RAE.

475 594 639 694 τραετίαν
658 595 948 689 ὑποπεσίτωσαν,
968 592 1031 671 δύο
1050 591 1087 671 δὲ
1106 593 1166 690 ἔτη
1185 595 1292 696 χωρὶς
1309 595 1513 694 προσφορᾶς

474 728 809 827 κοινωνησάτωσαν,
822 732 942 833 καὶτῷ
957 723 1100 834 ἑβδόμῳ
1116 729 1258 809 τελείως
1276 723 1509 829 δεχθῆιωσαν.

864 973 1047 1048 ΚΑΝΩΝ
1076 971 1125 1047 θ,

523 1104 638 1183 Ὅσοι
667 1102 703 1182 δὲ
732 1103 781 1201 μῆ
809 1103 1161 1201 μόνονᾶττείττῆσαν,
1185 1101 1367 1181 ἀλλὰκαὶ
1395 1104 1510 1180 ἐπανε-

474 1273 629 1337 στησαν,
649 1242 706 1317 καὶ
726 1238 937 1339 ἠνάγκασαν
958 1236 1148 1343 ἀδελφοὺς,
1163 1242 1220 1317 καὶ
1239 1237 1343 1316 α’ίτιοι
1361 1239 1532 1338 ἐγένοντο,

473 1380 536 1451 τοῦ
555 1375 835 1471 ἀναγκασθῆναι,
854 1372 949 1450 οὗτοι
969 1372 1029 1470 ἔτη
1054 1371 1118 1469 μὲν
1136 1373 1217 1474 τρία
1243 1371 1307 1451 τὸν
1326 1376 1389 1468 τῆς
1413 1375 1509 1475 ἀκρο-

473 1508 590 1590 άσεως
618 1506 857 1613 δεξάσθωσαν
885 1506 1006 1603 τόπον,
1034 1510 1071 1585 ἐν
1100 1506 1138 1585 δὲ
1165 1507 1265 1613 ἄλλῃ
1293 1507 1436 1614 ἑξαετιζι
1461 1505 1514 1585 τὸν

473 1649 537 1741 τῆς
556 1644 807 1738 ὑττοτττώσεωο,
827 1643 944 1722 ἄλλον
964 1642 1001 1722 δὲ
1020 1642 1178 1722 ἐνιαυτὸν
1198 1641 1515 1740 κοινωνῆσάτωσαν

473 1785 581 1883 χωρὶς
609 1786 836 1883 προσφορᾶς·
879 1780 936 1857 ἵνα
963 1777 1029 1876 τῆν
1057 1780 1237 1856 δεκαετίαν
1263 1778 1516 1880 πληρώσαντες

471 1924 535 1994 τοῦ
553 1916 689 1994 τελείου
708 1915 952 2019 μετάσχωσιν.
983 1918 1021 1994 ἐν
1049 1916 1169 2013 μέντοι
1194 1914 1308 2021 τούτῳ
1332 1919 1385 2021 τῷ
1405 1913 1583 2020 χρόνῳιο

474 2049 612 2129 καὶτὸν
631 2051 747 2129 ἄλλον
766 2053 882 2129 αὐτῶν
896 2054 1137 2153 ε’ττιτηρεῖσθαι
1156 2051 1248 2145 βίον.

888 2302 1070 2377 ΚΑΝΩΝ
1102 2303 1129 2376 1.

531 2430 699 2510 Διάκονοι
717 2432 798 2509 ὅσοι
819 2432 1063 2527 καθίστανται,
1082 2435 1165 2533 παρ’
1186 2431 1296 2530 αὐτὴν
1314 2430 1380 2532 τῆν
1410 2432 1513 2513 κατά·

474 2600 609 2646 στασιν
627 2573 656 2645 εί
681 2566 930 2668 ε’μαμτιίραντο,
950 2571 1007 2644 καὶ
1034 2567 1178 2671 ἔφασαν
1202 2571 1331 2670 χρῆναι
1348 2571 1517 2669 γαμῆσαι,

474 2701 524 2800 μῆ
543 2699 727 2798 δυνάμενοι
746 2704 857 2778 ”otro
876 2702 1002 2798 με’νειν·
1040 2701 1135 2779 οὗτοι
1153 2700 1243 2799 μετὰ
1261 2710 1374 2781 ταῦτα
1401 2701 1536 2802 γαμῆ-Ι

474 2871 603 2920 σαντες
627 2837 794 2915 ἔστωσαν
813 2839 850 2913 ἐν
874 2841 918 2939 τῆ
941 2838 1128 2943 ὑπηρεσίᾳ,
1150 2835 1207 2915 διὰ
1225 2836 1267 2915 τὸ
1291 2838 1518 2940 ἐπιτραπῆναι

475 3072 557 3130 unnis
572 3072 752 3149 poenitontiae
771 3070 971 3146 subjiciantur,
1023 3071 1190 3128 munionem
1213 3071 1274 3129 sine
1288 3070 1437 3129 oblatione
1457 3092 1517 3150 per·

475 3153 588 3209 duobus
607 3163 703 3208 nutenr
724 3151 788 3208 aliis
809 3152 871 3208 sine
893 3150 970 3208 oblu·
1024 3153 1142 3230 cipiunt,
1171 3165 1205 3209 ut
1234 3151 1443 3229 perfectionem
1470 3171 1517 3210 ex-

475 3234 554 3289 tioue
569 3232 792 3299 communicent,
805 3244 836 3288 et
849 3232 973 3308 septimo
1025 3232 1104 3309 pleto
1130 3232 1270 3290 decennio
1297 3244 1517 3309 consequuntur.

475 3334 550 3371 nuno
566 3312 693 3390 perfecte
708 3312 893 3389 recipiuntur.
1025 3312 1105 3371 Inter
1121 3313 1181 3370 haec
1195 3325 1292 3371 nutem
1307 3325 1449 3371 eteorum
1464 3312 1583 3370 vitn2=

611 3456 761 3514 CANON
786 3456 842 3513 IX·
1025 3392 1170 3471 penrairdu
1185 3404 1236 3451 est,

516 3555 671 3629 Quotquot
689 3565 785 3611 autern
802 3574 859 3609 ιιοιι
879 3554 972 3611 solum
1168 3536 1318 3595 (ἏΝΟΝ
1339 3537 1378 3595 X·

476 3636 530 3713 ipsi
542 3634 707 3696 deviarunt.
719 3633 865 3691 sedetiam
878 3635 973 3691 insur-
1066 3635 1199 3701 Diaooni‚
1236 3635 1413 3711 quicumque
1445 3634 1518 3692 ordi·

475 3726 623 3778 rexerunt,
646 3726 676 3769 et
697 3714 900 3792 compulerunt
916 3714 974 3771 frn·
1025 3727 1140 3783 nentur,
1156 3716 1179 3773 si
1202 3715 1231 3772 in
1254 3715 1315 3793 ipsa
1339 3714 1519 3773 ordinatione

475 3806 543 3860 tres,
565 3807 595 3852 et
617 3813 716 3851 cannis
736 3795 921 3871 praebuerunt
940 3806 973 3852 ut
1025 3796 1176 3875 protestati
1210 3809 1289 3863 eunt,
1321 3808 1351 3853 et
1384 3795 1583 3854 dixerunt!

475 3887 664 3952 cogerentur:
692 3874 720 3929 hi
743 3895 794 3951 per
814 3876 971 3932 triennium
1025 3875 1099 3934 velle
1111 3898 1140 3935 se
1155 3875 1290 3953 conjugio
1303 3876 1442 3954 copulari,
1454 3875 1518 3953 quin

475 3955 591 4030 quidem
614 3955 708 4011 locum
730 3955 805 4012 inter
822 3956 973 4013 audientes
1025 3958 1065 4014 sic
1079 3977 1194 4014 manere
1206 3977 1262 4013 non
1278 3969 1418 4034 possunt:
1442 3956 1481 4021 hi,
1495 3955 1517 4012 ei

475 4036 627 4112 occipiunt,
648 4053 699 4109 per
720 4035 798 4092 uliud
820 4056 887 4093 vero
910 4056 972 4093 sex·
1024 4037 1208 4115 postmodum
1240 4056 1345 4095 uxores
1373 4036 1517 4099 duxerint

475 4115 593 4171 ennium
617 4115 796 4191 poeniteutiae
818 4116 973 4192 subjiciun.
1025 4119 1053 4174 in
1080 4118 1241 4175 ministerio
1265 4130 1410 4183 maneant,
1456 4137 1517 4193 rop-

476 4206 522 4250 tur
542 4195 653 4259 acriori,
670 4204 698 4250 et
720 4194 776 4251 alio
798 4217 873 4254 anno
896 4217 971 4253 corn-
1025 4210 1102 4255 ternu
1117 4197 1194 4274 quod
1211 4198 1251 4255 cis
1266 4196 1420 4277 episcopus
1434 4138 1517 4257 iicon·
1526 4201 1583 4270 Ξ

894 4414 908 4441 ⁸
924 4419 931 4449 ι
948 4406 1001 4450 (“οτ,
1012 4404 1054 4450 vii.
1064 4418 1103 4461 4ο.
