4092 5150
477 436 543 504 446
775 425 1025 513 RELIQUIAE
1050 420 1235 498 SACRAE.

477 618 550 691 τοῦ
572 611 673 688 ἐστὶν
697 605 812 712 ἰσχῦς,
829 613 902 686 τοῦ
925 606 1005 685 ἐστὶ
1030 603 1180 688 σύνεσις
1204 611 1271 684 τοῦ
1293 608 1438 706 γνῶναι,
1453 594 1520 699 ἅμα

477 750 550 824 ποῦ
566 744 646 821 ἐστὶ
663 743 909 844 μακροβίνσις
927 742 987 820 καὶ
1004 737 1086 843 ζωὴ,
1103 746 1177 819 ποῦ
1194 739 1276 818 ε’στὶ
1293 743 1375 844 φῶς
1388 737 1522 841 ὀφθαλ·

477 885 556 977 μῶν
583 881 642 957 καὶ
668 874 800 981 εἰρήνη.
830 877 884 960 τίς
911 876 990 979 εῦρε
1007 871 1073 955 τὸν
1098 868 1212 955 τόπον
1230 873 1368 972 αῦτῆςς
1398 875 1456 952 καὶ
1474 872 1522 954 τίς

478 1017 647 1112 εἰσῆλθεν
677 1018 726 1096 εἷς
753 1010 835 1095 τοῦς
862 1007 1065 1114 θησανροῦς
1091 1011 1228 1108 αι’πῆςς
1268 1005 1384 1091 τόπος
1408 1003 1521 1108 γᾶρὸ

477 1147 623 1250 γόνιμος
650 1149 768 1244 αῦτῆς,
787 1147 846 1224 καὶ
873 1143 1054 1249 θήσανρος
1080 1142 1163 1224 ’ὅθεν
1185 1140 1343 1245 πρόεισι,
1371 1144 1430 1221 καὶ
1454 1146 1539 1226 coici

478 1278 682 1385 δεξαμεῦοις
700 1281 943 1382 ἐπιμετρεῖται,
967 1279 988 1356 ὁ
1011 1273 1105 1361 θεός
1129 1279 1221 1357 ἐστι·
1251 1272 1388 1356 διὸκαὶ
1410 1310 1519 1381 προῃ-

477 1411 630 1492 τιαίσατο
655 1409 739 1495 τοῦς
766 1412 808 1490 οῦ
835 1409 1180 1511 μεταλαμβάνοντας
1202 1410 1327 1490 αὐτοῦ.
1361 1411 1518 1512 '’Epica-

476 1546 617 1629 τέλιπες
644 1543 727 1648 γὰρ,
756 1547 863 1652 φησὶ,
881 1542 948 1644 τὴν
974 1541 1097 1645 πηγὴν
1120 1546 1185 1643 τῆς
1206 1545 1354 1649 σοφίας·
1383 1550 1429 1648 τῇ
1457 1544 1520 1649 ὁδῷ

476 1686 540 1758 τοῦ
569 1684 665 1760 θεοῦ
691 1686 722 1759 εί
748 1677 952 1782 ἐπορεῦθης,
980 1673 1149 1784 κατφκεις
1174 1674 1222 1756 ἂν
1249 1679 1288 1756 ἐν
1318 1674 1439 1782 εἰρήνῃ
1463 1675 1520 1756 τὸν

475 1817 598 1894 αίῶνα.
624 1818 738 1891 ταῦτα
754 1810 821 1910 μὲν
839 1809 898 1890 διὰ
914 1817 1053 1915 μακροῦ
1069 1817 1143 1894 τοῖς
1156 1808 1285 1894 ἄλλοις
1303 1808 1553 1914 ἡρμήνεισαςῑῠ

476 1947 615 2051 σοφίαν
633 1954 791 2043 νοοῦσιν,
807 1945 887 2047 ἤτοι
904 1942 972 2046 τὴν
986 1952 1061 2026 τῶν
1077 1944 1191 2026 ὅντων
1208 1950 1351 2047 γνιῦσιν
1364 1948 1515 2025 eaten-

476 2083 571 2184 ρίαν,
592 2080 616 2183 ἢ
643 2079 710 2181 τὴν
737 2080 955 2175 θεοσέβειαν·
983 2077 1111 2182 ε’γὼδὲ
1136 2077 1179 2159 τὸ
1207 2085 1337 2161 δοκοῦν
1363 2115 1426 2180 μοι
1445 2082 1518 2182 περὶ

476 2221 541 2315 τῆς
558 2216 753 2318 λεγομένης
770 2219 923 2296 ἐνταῦθα
940 2217 1086 2321 σοφίας,
1106 2212 1293 2313 συντόμως
1312 2218 1372 2295 καὶ
1396 2222 1518 2321 σαφιῦς

476 2350 716 2454 παραστήσω.
750 2351 906 2452 ἡγοῦμαι
922 2349 994 2453 γὰρ
1011 2348 1077 2430 τὸν
1099 2347 1220 2454 σόφον
1239 2353 1299 2428 καὶ
1318 2347 1423 2451 ἅγιον
1439 2349 1517 2444 Ἰὼβ

477 2481 637 2564 τοιοῦτόν
654 2517 689 2564 τι
707 2485 837 2586 λε’γειν·
857 2483 947 2564 Ὅτι
964 2482 1010 2564 τὰ
1027 2483 1092 2585 μὲν
1113 2483 1213 2563 ἅλλα
1231 2481 1290 2564 διὰ
1307 2489 1373 2585 τῆς
1391 2487 1548 2593 coptam

476 2620 576 2723 εῦρεν
608 2621 629 2699 ὁ
660 2618 857 2722 ἅνθρωπος,
888 2618 964 2699 οἷον
1000 2620 1090 2702 ὕλας
1120 2617 1354 2716 μεταλλικὰς,
1387 2618 1515 2724 τεχνᾶς,

475 2754 685 2855 ἐπιστήμας,
703 2757 762 2833 καὶ
780 2754 853 2833 ὅσα
870 2751 960 2852 μετὰ
982 2755 1161 2853 θαύματος
1186 2754 1292 2838 αὐτὸς
1317 2754 1512 2858 ἀπηριθμή-

476 2916 582 2965 σατο·
611 2884 721 2985 αῦιὴν
739 2885 777 2965 δὲ
795 2884 861 2986 τὴν
878 2887 1016 2993 σοφίαν
1033 2885 1145 2966 πόθεν
1168 2886 1269 2989 εὗρες
1299 2884 1438 2985 μήποτε
1455 2891 1515 2987 γῆν

477 3096 554 3153 nitas
566 3098 637 3159 vitoe,
657 3104 682 3152 et
702 3095 802 3161 victus,
819 3095 867 3153 aba
880 3096 916 3153 ait
931 3095 973 3153 lu·
1026 3116 1102 3162 nem,
1117 3096 1163 3155 vel
1177 3096 1317 3174 pietatem
1333 3117 1402 3175 erga
1416 3097 1513 3159 Deum,

477 3197 538 3233 men
562 3175 712 3241 oculorum,
741 3183 766 3233 et
788 3196 858 3253 ραα.
904 3176 976 3239 Quis
1025 3175 1204 3253 intelligunt.
1225 3176 1361 3254 pluribus
1380 3197 1514 3234 commen·
1522 3188 1547 3226 ²0

478 3256 581 3314 invenit
596 3256 685 3313 locum
700 3258 790 3334 ejus?
810 3264 837 3313 et
855 3255 918 3334 quie
931 3260 976 3314 in·
1025 3256 1078 3314 tati
1091 3268 1178 3315 sunt:
1201 3277 1255 3333 ego
1271 3276 1352 3321 vero,
1368 3257 1439 3334 quid
1452 3256 1514 3313 mihi

477 3335 564 3394 travit
580 3339 608 3393 in
621 3336 768 3393 thesauros
778 3335 863 3408 ejus?
878 3336 975 3395 Locus
1025 3335 1061 3393 de
1083 3336 1224 3413 sapientia
1243 3336 1328 3413 cujus
1347 3338 1394 3395 hic
1416 3338 1515 3394 mentio

476 3417 554 3474 enim
567 3416 597 3472 in
612 3436 671 3492 quo
681 3427 859 3493 procreatur,
870 3425 900 3475 et
911 3416 975 3474 the-
1026 3416 1067 3484 fit,
1074 3415 1214 3481 videatur.
1221 3416 1351 3475 breviter
1359 3429 1389 3475 ct
1398 3416 1514 3475 dilucide

476 3515 578 3553 saurus
597 3496 676 3553 unde
698 3495 796 3572 prodit
817 3507 847 3554 et
868 3496 974 3574 accipi.
1025 3497 1054 3553 in
1071 3496 1196 3553 medium
1212 3496 1341 3554 afferam.
1378 3497 1514 3555 Existimo

476 3575 593 3634 entibus
611 3595 727 3633 emensa
743 3585 796 3643 cat,
814 3576 894 3635 Deua
910 3588 972 3634 eat:
1025 3576 1100 3634 enim
1135 3576 1295 3653 sapientem
1329 3588 1360 3636 et
1392 3582 1544 3640 sancienti

475 3675 564 3730 quare
573 3665 658 3713 antea
667 3675 716 3712 eos
724 3656 885 3734 arguit,qui
894 3656 974 3714 illius
1024 3656 1132 3714 Jobum
1152 3656 1294 3731 ejusmodi
1310 3658 1461 3736 quidpiam
1478 3656 1513 3713 di·

475 3735 631 3813 participes
645 3755 706 3792 eme
721 3746 901 3801 recusarunt,
914 3736 974 3795 De·
1025 3755 1106 3802 oere;
1128 3736 1207 3813 quod
1225 3735 1280 3792 alia
1294 3737 1415 3813 quidem
1437 3738 1512 3794 homo

475 3814 622 3891 reliquisti,
645 3814 750 3890 inquit,
758 3814 872 3893 sontem
896 3815 974 3894 eopi-
1024 3816 1164 3890 sapientia
1186 3835 1238 3873 aua
1259 3816 1454 3885 adinvenerit,
1474 3827 1512 3872 ut·

474 3899 571 3951 entia:
589 3898 615 3951 in
625 3896 670 3951 via
684 3896 741 3951 Dei
749 3895 775 3951 ai
786 3896 972 3963 ambulasses,
1023 3906 1093 3973 pote
1116 3893 1299 3956 metallorum
1321 3898 1465 3961 materias,
1478 3914 1512 3952 ar-

474 3974 635 4031 iobitasses
649 3974 744 4047 utique
757 3979 785 4032 in
801 3996 873 4050 poce
887 3975 917 4032 in
931 3996 973 4034 se·
1023 3985 1077 4040 tes,
1106 3975 1250 4042 scientiae,
1281 3987 1311 4034 et
1344 3972 1543 4054 quaecunqnei⁰

473 4052 578 4111 culum.
609 4056 652 4111 De
664 4054 709 4111 hia
720 4054 837 4131 quidem
852 4055 911 4121 alii,
921 4056 971 4133 qui
1022 4054 1079 4111 alia
1093 4075 1150 4112 non
1168 4056 1230 4113 sine
1250 4054 1442 4114 admiratione
1461 4057 1510 4133 ipse

474 4152 525 4208 per
535 4134 711 4207 sapientiam,
719 4154 817 4192 rerum
826 4155 890 4211 quae
902 4145 972 4194 sunt
1022 4145 1260 4201 enumeraverat;
1282 4137 1375 4215 ipsam
1391 4157 1458 4194 vero
1474 4153 1509 4191 se·

473 4213 666 4288 cognitionem
695 4234 728 4273 ac
750 4214 972 4293 contemplatio-
1021 4214 1161 4292 pientiam
1202 4216 1351 4293 quomodo
1389 4214 1506 4273 invenit?

859 4406 872 4443 t
886 4395 993 4445 Benedi.
1004 4395 1037 4442 iii.
1050 4408 1133 4455 ia,13.
