4092 5150
537 401 604 466 222
625 402 861 469 JUSTELLI
885 404 951 469 ΕΤ
974 406 1242 474 BE'VEREGII
1265 410 1547 478 ΑΝΝΟΤΔΤΤ.

537 574 627 634 bardo
647 575 741 636 editas
761 598 827 657 pag.
840 594 887 654 77.
902 589 933 639 et
949 580 997 639 80.
1012 580 1084 641 edit.
1107 581 1276 662 Cmtnbrig.
1299 604 1348 644 nn.
1363 586 1455 660 1644.
1468 585 1536 646 item
1554 585 1578 643 in

537 671 661 731 Henrici
681 673 852 753 spelmanni
870 677 982 736 Coueil.
997 690 1068 737 tom.
1079 679 1099 738 i.
1113 681 1260 759 peg.462.
1275 692 1307 741 at
1320 683 1395 755 466.
1409 682 1482 744 edit
1494 682 1580 744 Iaond.

535 789 583 828 an.
598 771 684 848 ¹⁶39·
707 771 875 833 Buranun.
901 775 1055 849 [wilkins.
1072 777 1206 845 corum,
1221 799 1272 861 pp.
1283 799 1354 857 ²32·
1365 785 1453 859 234]

922 953 1076 1015 cANON
1097 954 1205 1017 xv11.

582 1063 616 1121 P.
630 1083 697 1122 122.
712 1062 732 1124 l.
747 1079 795 1139 17.
817 1069 854 1125 ris
870 1069 932 1127 roda
943 1073 1156 1147 χειμαζομένοις]
1172 1072 1220 1132 De
1232 1073 1279 1133 llis
1292 1073 1583 1136 fusiusoommennti

535 1181 637 1220 snmus
650 1162 679 1219 in
694 1164 932 1224 annotationibus
950 1165 986 1224 ad
1001 1166 1188 1227 undecimum
1203 1188 1343 1230 annonem
1362 1171 1467 1251 primus
1480 1171 1582 1250 Syuodi

535 1262 745 1330 OEoumrnicae,
766 1263 875 1323 Nieaeoe
895 1263 1011 1333 habita,
1027 1283 1099 1341 quas
1112 1265 1264 1326 oonmlnsr
1276 1263 1336 1328 'hic
1350 1268 1473 1327 interim
1493 1269 1584 1328 absm-

535 1379 646 1426 vamus,
658 1359 859 1419 Balsamonem
875 1361 952 1419 inter
961 1371 992 1418 et
1002 1360 1146 1421 Zonaram
1160 1364 1326 1432 convenire,
1337 1365 1500 1426 nonnullos
1512 1387 1583 1426 asse·

535 1474 648 1515 rerasse
666 1461 864 1530 χειμαζομένους
882 1458 938 1517 hoe
959 1459 989 1516 in
1008 1458 1073 1518 loeo
1087 1460 1203 1520 eosdem
1222 1481 1286 1521 esse
1298 1475 1390 1541 atque
1403 1466 1583 1537 όαιμονὸνιοε.

535 1553 624 1626 Quod
638 1575 703 1614 cum
724 1554 850 1614 Alexius
868 1554 1027 1615 Aristenus
1040 1559 1205 1627 asseruerit,
1221 1558 1282 1617 veri
1302 1558 1406 1618 saltem
1422 1560 1520 1621 simile
1532 1573 1582 1629 est,

534 1673 602 1713 eum
616 1673 707 1712 unum
722 1671 760 1711 ex
777 1653 813 1710 iis
826 1673 898 1720 esse,
913 1673 986 1731 quos
1003 1654 1048 1713 illi
1066 1654 1110 1714 ita
1123 1655 1231 1714 dixisse
1245 1655 1396 1715 scribunt:
1419 1668 1511 1735 atque
1524 1659 1583 1737 ejus

534 1751 657 1832 proinde
680 1750 788 1809 scholia
810 1751 846 1809 iis
869 1749 945 1810 lecta
968 1751 1069 1810 fnisse.
1101 1752 1419 1813 annnrro.——Hio
1444 1756 1533 1814 etiam
1553 1757 1582 1815 in

534 1849 693 1915 Nartheee‚
709 1867 798 1926 prope
812 1849 1045 1915 catechumenos,
1059 1853 1237 1922 χειμαζόμενοι
1249 1851 1415 1929 antiquitus
1430 1854 1582 1914 stationem

533 1966 615 2006 snam
634 1946 768 2004 habuisse
782 1945 929 2004 ridentur.
971 1945 1108 2025 Synodns
1125 1946 1203 2005 enim
1217 1945 1377 2027 Aneyrana
1391 1968 1454 2017 eos.
1473 1951 1525 2028 qui
1539 1970 1582 2009 ra·

533 2040 622 2100 tionis
646 2040 777 2118 expertia
800 2040 936 2101 animalia
959 2043 1100 2109 inierunt,
1121 2053 1152 2102 et
1174 2041 1282 2123 leprosi
1303 2058 1384 2116 suut,
1405 2066 1502 2126 poeuae
1521 2047 1582 2108 lnoo

530 2137 629 2215 jussit,
655 2140 692 2195 εἷς
713 2139 774 2196 τοὺς
793 2143 993 2212 χειμαζομένους
1012 2143 1146 2215 εὔχεσθαι,
1165 2140 1241 2200 inter
1262 2141 1468 2222 Hybemaniea
1490 2165 1580 2205 ordre.

532 2235 605 2316 Syn.
622 2234 731 2314 Ancyr.
744 2255 807 2294 can-
819 2255 865 2311 17.
909 2237 995 2296 Unde
1009 2239 1119 2296 nemini
1133 2238 1173 2298 sit
1191 2238 1324 2304 dubium,
1341 2240 1415 2317 quin
1430 2241 1480 2300 isti
1493 2266 1580 2315 χειμα-

532 2338 633 2406 ζόμενοι
652 2345 735 2392 extra
755 2333 903 2393 ecelesiam
926 2335 1042 2414 propria
1062 2335 1103 2395 sio
1122 2336 1240 2402 dietam,
1255 2355 1289 2394 ac
1310 2336 1435 2414 proinde
1456 2338 1487 2397 iu
1507 2339 1581 2398 Nar·

531 2432 617 2491 thone
644 2431 788 2489 steterint.
831 2431 959 2502 Quinam
987 2443 1086 2492 autem
1114 2433 1154 2492 ibi
1177 2435 1357 2506 χειμαζόμενοι
1385 2434 1580 2503 nominentur,

532 2530 610 2590 inter
623 2529 724 2589 doctos
743 2529 871 2589 nondum
887 2532 1035 2591 convenit.
1078 2531 1234 2592 Balsamon
1253 2531 1431 2609 omnesqui
1453 2531 1484 2591 in
1505 2532 1580 2592 Nar.

531 2629 616 2688 thece
630 2638 717 2694 stant,
732 2630 929 2702 χειμαζομένων
941 2629 982 2688 ibi
996 2640 1116 2688 vocatos
1130 2627 1290 2695 contendit,
1303 2633 1486 2701 χειμαζόμενοι
1498 2631 1580 2689 φαίνοι

531 2728 704 2798 κληθὴσονται
725 2729 817 2799 κυρίως
837 2730 863 2781 ol
886 2730 914 2783 ἐν
936 2732 972 2803 τῷ
997 2730 1102 2802 νάρθηκι
1121 2731 1264 2798 ἱστάμενοι,
1284 2730 1326 2783 καὶ
1349 2728 1508 2802 ἀκροώμενοι
1530 2736 1580 2786 reis
1694 2756 1705 2774 ·

530 2826 607 2881 θείαν
623 2828 743 2898 γραφῶν,
765 2828 847 2881 τόπον
864 2826 1001 2896 ἐπέχοντες
1016 2831 1068 2880 τῶν
1086 2829 1284 2896 χειμαζομένων,
1304 2825 1346 2880 rui
1368 2826 1406 2883 ris
1423 2830 1472 2882 τὸν
1491 2831 1578 2897 ἔκκλη-
1688 2864 1702 2875 -

530 2925 668 2978 σιαστιιεὸν
680 2925 772 2992 λιμένα
781 2920 964 2993 τῆςσωεηρίας
973 2924 1102 2978 εἶσιλθεῖν
1110 2923 1146 2993 μὴ
1156 2921 1396 2995 παραχωρούμενον.
1431 2923 1577 2982 Nimirum
1675 2947 1700 2981 s

530 3043 564 3081 ac
586 3022 610 3080 si
634 3024 813 3093 χειμαζόμενοι
834 3019 881 3076 hic
903 3019 1103 3096 Metaphorice
1124 3017 1200 3076 idem
1226 3019 1403 3097 significaret
1428 3041 1463 3080 ac
1484 3023 1576 3095 ‹irpea-
1664 3056 1699 3068 -

528 3122 609 3193 με’νοι.
652 3118 796 3175 Nonnulli
811 3129 918 3182 autem,
935 3126 967 3173 ut
985 3114 1141 3173 Balsnmon
1161 3126 1191 3173 et
1205 3115 1334 3176 Zonaras
1355 3117 1464 3177 ibidem
1483 3120 1576 3178 obser·
1653 3151 1699 3164 -

529 3228 647 3285 varunt,
661 3216 859 3288 χειμαζομένους
872 3213 912 3271 ibi
926 3211 1042 3270 eosdem
1057 3233 1119 3270 esse
1130 3232 1163 3271 aa
1177 3215 1359 3285 δαιμονῶντας,
1372 3229 1574 3276 asseruerunt:
1645 3238 1698 3273 :r

527 3333 593 3392 quur
607 3312 722 3392 quidem
742 3312 841 3390 opinio
855 3310 897 3369 eis
915 3330 973 3368 non
992 3309 1098 3386 placet.
1114 3308 1165 3368 sed
1180 3311 1262 3369 nobis
1279 3312 1424 3381 maxime3
1447 3314 1489 3373 sie
1502 3315 1574 3373 enirn
1635 3331 1699 3369 nr

529 3410 695 3477 Aristenus,
716 3412 893 3481 χειμαζόμενοι
914 3409 946 3463 δι’
967 3409 1028 3474 εἶσι,
1050 3410 1114 3463 κατὰ
1135 3410 1181 3463 τόν
1202 3409 1284 3482 μέγαν
1308 3409 1457 3475 Διονύσιον,
1481 3415 1507 3467 ol
1528 3414 1575 3467 tet
1615 3409 1701 3463 ὃό

526 3509 672 3580 πνεύματος
687 3512 802 3579 πονηροῦ
823 3509 998 3577 κατεχόμενοι.
1043 3505 1093 3563 Sic
1107 3506 1182 3563 enim
1199 3516 1229 3563 et
1244 3505 1396 3564 Maximus
1411 3507 1441 3564 iu
1455 3507 1575 3566 Scholiis
1607 3502 1702 3563 81⁸⁸

528 3605 564 3664 ad
591 3604 695 3664 librum
723 3604 760 3663 de
789 3601 991 3662 Ecclesiasticus
1020 3602 1193 3661 Hierarchia
1221 3603 1366 3681 Dionysio
1390 3603 1574 3683 Areopagitas
1600 3616 1702 3658 ω

528 3702 602 3760 falso
622 3702 809 3780 adscriptum,
832 3703 1031 3774 ε’νεμγονμένοος
1051 3719 1126 3774 saepe
1148 3699 1275 3778 explicat
1296 3719 1349 3778 per
1369 3705 1573 3773 χειμαζομένους.
1594 3716 1702 3756 0²5.

529 3799 572 3858 Et
591 3798 767 3857 Scholiastes
788 3796 1002 3875 Harmenopuli
1024 3796 1060 3854 ad
1082 3796 1193 3854 dictum
1214 3796 1286 3874 Syn.
1302 3795 1468 3876 Ancyrnnae
1482 3799 1572 3857 Cano·
1592 3809 1701 3846 -0-

528 3916 594 3955 nem
617 3896 668 3964 ait,
689 3896 886 3968 χειμαζομένους
906 3897 934 3950 δὲ
957 3896 1018 3952 τοὺς
1040 3896 1213 3966 δαιμονῶντας
1235 3897 1315 3968 λέγει,
1339 3895 1374 3953 εἷς
1395 3919 1465 3955 τινες
1486 3884 1701 3969 poen-‹⁸3-

529 3993 670 4051 Hnrmen.
693 3993 762 4070 epit.
783 4004 972 4050 causentur.
991 3992 1081 4066 ring.
1124 3993 1167 4050 Et
1189 3993 1230 4051 sic
1253 3991 1372 4069 quidem
1397 3979 1700 4051 Demoniaeiizxi

526 4091 587 4148 sive
602 4088 800 4166 Energnmeni
815 4089 845 4145 in
860 4089 922 4167 ipso
938 4089 1122 4167 Euchologio
1136 4099 1286 4156 vocantur,
1302 4090 1352 4145 ὑπὸ
1362 4095 1416 4145 τῶν
1426 4092 1699 4162 mpudens-⁴⁶⁷

526 4187 674 4260 ἀκαθάρτων
686 4190 872 4260 χειμαζόμενοι.
915 4187 958 4245 Ut
972 4207 1031 4243 non
1053 4187 1157 4245 mirum
1179 4185 1218 4244 sit
1238 4206 1288 4243 eos
1306 4187 1486 4245 contractius
1504 4190 1695 4245 uon-³¹²·

527 4302 674 4361 nunquam
699 4286 792 4341 vocari
815 4285 1021 4357 χειμαζομένους,
1043 4282 1163 4361 reliquis
1181 4282 1319 4341 nimirum
1342 4283 1602 4352 subintellectisa
1651 4288 1689 4336 ὃν·

526 4382 769 4458 quemadmodum
788 4382 817 4438 in
838 4382 957 4440 vocibus
976 4383 1064 4440 etiam
1086 4381 1263 4456 ε’νεμγοόμενοι
1277 4390 1308 4439 et
1325 4381 1491 4460 Arreplitr'i.
1533 4379 1614 4437 lit!
1631 4363 1683 4423 :i
