4092 5150
850 602 896 703 S.
924 602 966 698 P
984 602 1028 697 Ε
1046 603 1085 698 Τ
1105 602 1152 697 R
1170 603 1212 711 Ι,

559 801 772 868 ΕΡΙεοοΡι
795 800 1136 880 saaxsnmnnr,
1156 802 1213 866 nr
1235 801 1487 878 Msaarnrs,

521 991 591 1061 QUI
617 989 797 1049 SAECULO
822 988 1041 1047 VERGEN'I’E
1067 990 1121 1046 AD
1146 989 1276 1047 FINEM
1301 988 1457 1055 TERTIO,
1483 989 1532 1045 ΕΤ

727 1086 912 1144 INEUNTE
937 1086 1117 1156 QUARTO,
1140 1087 1323 1152 FLORUIT,

891 1267 1164 1352 RELIQUIAE.

807 1670 861 1733 ΕΦ
875 1667 969 1737 Libro
983 1670 1033 1733 Do
1048 1669 1243 1734 Patientia.

505 1804 578 1879 Τοῦ
587 1801 717 1901 Ἀγίου
730 1798 872 1903 Πέτρου
886 1796 1192 1903 Ἀρχιεπισκόπου
1206 1798 1480 1905 Ἀλεξανδρείας
1492 1798 1550 1877 καὶ

555 1932 753 2038 Μάρτυρος
774 1932 932 2018 Κανόνες
958 1933 1146 2039 φερόμενοι
1170 1936 1208 2012 ἐν
1232 1937 1283 2040 τῷ
1309 1937 1390 2035 περὶ
1420 1939 1546 2013 Μετα-

556 2071 653 2154 νοίας
670 2071 781 2149 αὐτοῦ
800 2067 923 2178 Λόγῳ.

466 2298 497 2337 ο
900 2269 1083 2344 ΚΑΝΩΝ
1111 2270 1155 2344 Α.

503 2377 656 2493 ΕΠΕΙ
676 2406 795 2486 τοίνυν
813 2408 981 2510 τέταρτον
993 2408 1063 2510 ἤδη
1080 2405 1210 2512 πάσχα
1224 2408 1476 2515 ἐπικατείληφε
1486 2405 1550 2487 τὸν

502 2543 668 2649 διωγμὸν,
687 2541 870 2647 αὐτάρκως
892 2543 964 2648 ἔχει
991 2549 1064 2628 τοῖς
1092 2543 1157 2643 μὲν
1184 2550 1469 2649 προσενεχθεῖσι,
1492 2547 1550 2624 καὶ

502 2688 769 2787 φυλακισθεῖσι,
788 2681 974 2777 βασάνους
990 2715 1030 2761 τε
1046 2682 1262 2780 ἀνηκέστους
1282 2678 1550 2781 ὑπομεμνηκόσι

501 2819 556 2897 καὶ
582 2814 785 2922 ἀφορήτους
812 2814 1005 2917 μάστιγας,
1031 2819 1090 2895 καὶ
1118 2814 1262 2899 πολλὰς
1288 2818 1407 2919 ἑτέρας
1435 2815 1549 2900 δεινὰς

466 2952 669 3055 ῑςᾶνείγκας,
688 2954 840 3053 ὕστερον
858 2951 897 3032 δὲ
914 2952 1180 3055 τροδιδομενοις
1199 2949 1268 3032 ὑπὸ
1287 2956 1350 3050 τῆς
1364 2951 1549 3037 ἀσθενείας

500 3091 562 3186 τῆς
580 3087 728 3189 σαρκός·
749 3092 778 3166 εί
796 3091 855 3167 καὶ
873 3088 923 3187 μὴ
942 3090 986 3195 ἐξ
1002 3092 1115 3193 ἀρχῆς
1126 3088 1400 3191 παρεδέχθησαν
1414 3086 1472 3166 διὰ
1484 3087 1550 3187 τὴν

500 3221 882 3325 ταρακολουθήσασαν
905 3226 1081 3325 μεγίστην
1109 3231 1262 3321 πτῶσιν,
1294 3223 1389 3323 ὅμως
1420 3223 1478 3302 διὰ
1508 3222 1549 3303 τὸ

500 3355 626 3437 πολλὰ
643 3354 770 3441 αὐτοὺς
789 3358 981 3458 ἠθληκέναι
1000 3363 1134 3440 καὶέπὶ
1156 3358 1252 3439 πολὺ
1276 3355 1546 3461 ἀντιμοίχεσθαι·

527 3533 616 3587 Vereis
628 3533 729 3587 latim
744 3533 867 3586 Gentiasn
878 3534 994 3597 Heroets',
1007 3534 1041 3587 ab
1053 3534 1192 3588 Hordus’ao
1204 3534 1337 3602 τοοοροίίο
1349 3541 1374 3587 et
1386 3534 1528 3587 emendata.

455 3647 493 3685 20
502 3637 602 3695 Sancti
620 3637 701 3696 Petri
720 3637 941 3717 Archiepiscopi
957 3638 1000 3696 A·
1051 3638 1102 3698 lati
1112 3639 1229 3716 quidem
1240 3649 1319 3704 sunt,
1332 3639 1362 3695 in
1373 3637 1548 3697 custodiam.

542 3717 706 3776 lexandrini
727 3728 758 3776 et
780 3718 922 3795 Martyris
943 3719 999 3776 Ca·
1051 3738 1108 3795 que
1126 3718 1259 3795 conjecti,
1275 3729 1476 3795 tormentaque
1491 3738 1548 3776 non

542 3818 633 3856 nones
653 3798 703 3874 qui
726 3798 863 3856 feruntur
882 3798 912 3854 in
932 3798 1000 3856 Ser.
1050 3797 1224 3865 sufferenda,
1240 3809 1270 3857 et
1288 3797 1480 3856 intolerabilia
1498 3797 1547 3856 fla·

542 3897 629 3936 mone
643 3878 708 3954 ejus
722 3877 758 3936 de
773 3877 960 3936 Paenitentia.
1049 3876 1135 3955 gella,
1166 3889 1196 3935 et
1220 3878 1327 3936 multas
1355 3877 1424 3935 alias
1449 3898 1551 3954 graves

1053 3957 1238 4016 necessitates
1248 3957 1460 4021 sustinuerunt.
1471 3970 1549 4035 post-

655 4021 808 4079 CANON
828 4022 853 4079 Ῑ·
1052 4057 1086 4095 ea
1103 4047 1200 4096 autern
1224 4048 1293 4095 sunt
1314 4056 1331 4093 a
1351 4037 1444 4094 earnis
1461 4039 1551 4096 imbe.

454 4138 488 4195 ²5
543 4116 691 4188 Quoniam
729 4127 827 4175 autern
865 4127 1001 4194 quartum
1052 4116 1176 4175 cillitste
1199 4115 1328 4195 proditi:
1358 4117 1551 4175 etiamsinon

500 4198 608 4277 paseha
626 4197 856 4273 persecutionem
875 4197 935 4273 jam
950 4217 1000 4275 ap·
1052 4196 1139 4254 initio
1174 4197 1300 4273 suseepti
1333 4206 1402 4253 sunt
1433 4209 1552 4274 propter

500 4277 669 4357 prehendit,
684 4276 754 4336 satis
772 4287 817 4335 est
837 4276 872 4335 iis
886 4276 935 4353 qui
951 4276 1000 4335 de·
1052 4296 1167 4352 gravem
1202 4274 1312 4353 lapsum
1345 4286 1551 4342 consecutum
