4092 5150
474 411 517 474 74
729 452 734 461 ·
824 409 1175 475 ANNOTATIONES

474 586 704 663 comparuerat.
750 578 842 642 Nune
857 588 967 643 extare
982 600 1134 643 canonem
1148 601 1220 644 eum
1234 578 1331 643 titulo
1346 579 1380 643 in
1391 579 1517 644 Pedalie

475 682 663 743 Graeeorum
692 680 802 752 vide03
837 682 1039 766 innotuitque
1071 681 1148 745 mihi
1180 704 1221 745 ex
1255 681 1345 745 brevi
1378 681 1517 747 Ohrouiei

475 783 638 847 Pasehelis
653 806 708 847 seu
731 783 939 847 Alexandrini
961 785 1151 868 fragmento,
1167 783 1252 867 qued
1272 781 1403 867 quidem
1424 805 1518 868 nuper

474 885 585 949 Romae
599 885 700 948 edidit
709 886 767 949 ael.
779 886 921 971 Angelus
932 886 1039 950 Maius
1053 886 1086 949 in
1100 886 1203 970 primo
1215 883 1387 948 Volumine
1397 893 1516 969 partu

473 1009 505 1072 p.
527 1005 599 1063 222,
632 986 819 1051 cottanae
843 1010 908 1051 suae
945 988 1007 1052 Vet
1034 988 1232 1072 Scriptorum,
1265 986 1430 1050 Trieentio
1459 986 1518 1050 eni·

473 1088 548 1153 dam
564 1089 698 1152 Librum
713 1111 804 1152 suum
821 1091 873 1152 De
888 1089 1014 1153 Pascha
1029 1089 1150 1152 misisse
1163 1089 1296 1153 Petrum
1307 1088 1400 1151 Alex.
1412 1087 1518 1151 Verba

472 1198 559 1266 sunt,
572 1189 688 1270 Πέτρος
703 1195 754 1268 τῆς
765 1190 990 1272 Ἀλεξανδρέων
1001 1193 1160 1268 ἐκκλησίας
1175 1193 1339 1257 ἐπίσκοπος
1354 1192 1388 1255 ἐν
1401 1195 1444 1276 τῷ
1455 1192 1517 1272 περὶ

474 1298 525 1356 τοῦ
539 1292 653 1375 Πάσχα
667 1295 770 1373 λόγου,
788 1293 824 1357 δν
836 1295 996 1377 Τρικεντίιρ
1011 1295 1069 1356 τινὶ
1083 1293 1202 1375 γράφει.

520 1396 555 1458 Ρ.
568 1415 621 1477 45.
642 1395 727 1480 l.13.
746 1394 976 1481 προστέτακται]
1001 1396 1054 1457 Ex
1077 1395 1151 1459 MS.
1173 1396 1247 1480 Rea.
1265 1396 1361 1480 2038.
1385 1403 1420 1460 et
1440 1395 1516 1471 aliis,

473 1497 520 1560 ita
542 1504 579 1561 ut
601 1498 633 1559 in
648 1504 750 1573 textu,
766 1497 869 1561 loeum
885 1496 1051 1581 legendum
1071 1518 1109 1560 ao
1131 1495 1340 1581 supplendum
1356 1518 1437 1572 esse,
1456 1517 1517 1558 mo

473 1599 544 1661 nuit
558 1598 595 1661 el.
612 1598 800 1662 Harduinus
821 1600 862 1662 ed
879 1621 967 1663 oram
982 1599 1131 1664 editionis
1149 1620 1215 1662 suae
1232 1597 1449 1671 Ooaoiliomm,
1463 1618 1517 1682 pm

473 1701 885 1783 οτι-ῐραὶἰς,-προσετέτακτο.
910 1702 963 1778 τὴν
985 1703 1043 1780 μὲν
1065 1704 1123 1781 γὰρ
1142 1700 1267 1780 τετράδα
1283 1726 1309 1763 κ.
1321 1725 1348 1763 τ.
1361 1709 1391 1763 λ.
1411 1701 1466 1778 τὴν
1488 1703 1517 1762 δὲ

472 1803 672 1882 παρασκευὴν,
696 1803 741 1864 ὅτι
763 1800 850 1868 αὐτὸς
871 1804 945 1882 ὑπὲρ
967 1803 1048 1881 ἡμῶν
1071 1802 1172 1865 ἔπαθε.
1200 1801 1340 1881 eupraxia
1357 1803 1391 1864 δὲ
1411 1826 1518 1884 χαρμο-

473 1905 573 1980 σύνης,
597 1902 656 1978 vel,
678 1904 761 1987 quod
782 1904 814 1965 in
836 1904 939 1967 verbis
962 1902 1081 1967 ultimis
1103 1902 1200 1966 etium
1224 1902 1441 1987 imperfectius
1462 1913 1517 1979 est,

473 2007 525 2084 τὴν
548 2010 580 2070 δὲ
603 2010 792 2086 παρασκεύην
814 2011 1011 2091 χαρμοσύνης.
1046 2006 1222 2073 Ootelerius
1240 2027 1366 2090 quoque
1385 2007 1430 2070 ad
1447 2007 1518 2070 Oen·

472 2110 532 2172 etit
549 2113 654 2194 Aperi.
671 2108 702 2172 ii.
714 2128 768 2194 59.
784 2111 816 2173 id
831 2112 987 2173 referente
1003 2108 1183 2184 Gallendio,
1201 2109 1286 2172 hune
1301 2109 1467 2172 Cenonem
1481 2130 1519 2172 ex

473 2212 579 2296 Ropiie
593 2213 693 2274 MSS.
710 2219 786 2276 ente
802 2211 1004 2275 Harduinum
1019 2211 1064 2274 sie
1084 2210 1280 2274 restituerat.
1326 2210 1433 2272 Immo
1448 2231 1521 2273 vero

473 2314 570 2377 verba
585 2314 695 2377 eadem
716 2313 861 2378 extitisse
882 2313 915 2375 in
934 2313 1034 2377 codice
1056 2313 1148 2388 lilii,
1166 2310 1365 2375 Hervetiuua
1378 2311 1521 2395 ejusdem

472 2414 707 2499 interpretatio,
723 2438 793 2499 quae
808 2437 891 2479 enno
907 2416 1025 2499 prodiit
1045 2418 1134 2499 1561.
1151 2412 1302 2477 ostendit.
1344 2414 1463 2497 ltaque
1477 2413 1521 2477 sio

473 2539 506 2579 se
521 2538 555 2580 re
578 2517 725 2593 habente,
742 2539 812 2581 eum
833 2525 988 2602 praeterea
1009 2539 1106 2581 omues
1125 2515 1292 2580 Bottiaei
1309 2514 1520 2601 παπνοσήρίὶ,

471 2618 645 2701 oodioisque
669 2619 833 2703 eujusdam
859 2619 1043 2682 Ooisliaiani
1065 2620 1148 2703 quod
1173 2640 1269 2702 penes
1291 2639 1341 2681 me
1367 2626 1418 2682 est
1444 2640 1521 2704 apo·

472 2720 641 2803 graphum,
663 2721 729 2784 fere
751 2722 862 2784 eadem
885 2730 1050 2803 preostent,
1074 2722 1252 2785 intextum
1274 2720 1372 2784 verba
1392 2721 1522 2785 demum

473 2822 587 2906 recepi.
645 2816 789 2905 Denique
819 2822 893 2886 illud
924 2824 1140 2903 προστέτακται
1169 2831 1346 2907 agnoscunt
1381 2843 1434 2886 toa
1463 2822 1524 2886 alii

474 2925 589 2987 lissa
605 2934 722 3008 praeter
734 2925 860 2988 codicem
876 2926 944 3010 Rep.
955 2925 1177 3010 Zonaramque
1192 2924 1404 2988 seholiastam.
1429 2925 1524 2990 Nune

473 3034 599 3089 constat
615 3026 776 3090 nobiseum
792 3026 957 3090 convenire
973 3027 1004 3089 in
1017 3028 1164 3092 omnibus
1175 3027 1352 3104 Pedalium,
1364 3027 1424 3091 nisi
1437 3030 1523 3113 quod

473 3129 504 3191 ln
520 3151 558 3192 eo
573 3136 674 3203 extat,
689 3130 743 3206 τὴν
758 3132 790 3192 δὲ
807 3130 944 3209 κυριακὴν
959 3151 1016 3214 pro
1031 3130 1085 3207 τὴν
1100 3134 1157 3212 γὰρ
1173 3158 1199 3193 κ.
1214 3132 1268 3194 ubi
1284 3132 1406 3195 interea
1420 3131 1522 3194 adno-

474 3238 579 3294 tatum
600 3238 659 3306 est,
675 3233 709 3293 ἐν
731 3233 847 3305 ἄλλοις,
864 3232 917 3309 τὴν
937 3235 995 3313 γὰρ
1011 3260 1037 3295 κ.
1075 3232 1156 3295 Tum
1180 3254 1251 3316 quee
1274 3232 1380 3316 posita
1402 3231 1524 3296 ibidem

473 3342 522 3396 est
545 3355 566 3396 a
581 3333 701 3396 Graeois
717 3333 855 3397 Cononis
877 3333 1033 3417 expositio
1056 3342 1129 3417 post
1147 3356 1238 3397 voees
1261 3338 1335 3398 κατὰ
1355 3334 1525 3414 παράδοσιν

473 3434 581 3511 habet,
597 3435 800 3512 ἀποστολικῆν
816 3434 936 3513 δηλαδή.

518 3536 599 3599 lbid.
622 3536 675 3614 τὴν
696 3540 752 3614 μὲν
774 3537 997 3616 τετράδα-τὴν
1019 3540 1051 3620 δὲ
1074 3535 1279 3620 παρασκευὴν]
1305 3538 1409 3601 Verba
1431 3539 1534 3614 valde,

473 3636 579 3700 affinia
594 3638 692 3701 habet
709 3639 833 3704 Auotor
849 3640 972 3701 Coaetit.
990 3642 1096 3723 Apost.
1110 3639 1162 3701 lib.
1176 3661 1202 3701 v.
1219 3660 1290 3722 oap.
1309 3660 1319 3700 ι
1324 3659 1355 3721 5.
1385 3641 1525 3721 Τετράδα

474 3740 569 3801 δὲκαὶ
591 3738 987 3831 παρασκευὴνδκπροσέταξεν
1002 3741 1177 3822 (Christus)
1194 3742 1263 3820 ἡμῖν
1283 3742 1451 3819 νηστεύειν,
1472 3740 1526 3820 τὴν

473 3842 529 3916 μὲν
544 3843 592 3903 διδ
607 3842 660 3918 τὴν
675 3837 847 3920 προδοσίαν,
864 3844 917 3921 τὴν
934 3846 965 3906 δὲ
982 3847 1030 3906 διὰ
1047 3844 1082 3906 τὸ
1097 3842 1199 3911 πάθος.
1224 3843 1286 3906 vid.
1302 3844 1407 3906 Mara.
1419 3843 1485 3908 xiv.
1499 3865 1526 3907 1.

475 3942 615 4004 Eaedem
630 3943 695 4006 fere
715 3966 827 4007 causas
847 3945 1076 4008 obsemutionis
1096 3953 1129 4009 et
1144 3946 1248 4009 uultus
1264 3945 1412 4020 tetradis,
1428 3968 1526 4030 para-

476 4063 594 4118 sceuos,
609 4043 732 4127 dieique
748 4044 857 4109 itidem
874 4047 1058 4122 Dominioae,
1075 4055 1328 4111 memoraverunt
1342 4048 1527 4113 Victorinus

477 4143 605 4227 Martyr
620 4145 669 4207 Du
686 4147 841 4210 Fannicn
859 4149 982 4211 Muunr
1003 4171 1109 4232 supra,
1126 4149 1185 4211 vol.
1200 4150 1270 4211 111.
1287 4170 1319 4232 p.
1329 4151 1405 4232 456.
1445 4150 1525 4237 Epi·

475 4245 610 4331 phanius
625 4249 736 4331 Eupos.
755 4250 868 4312 Οαίδοί.
886 4251 980 4314 Fidei
996 4253 1025 4333 δ.
1038 4252 1115 4314 xxii.
1130 4273 1202 4337 pag.
1219 4270 1308 4331 1104.
1325 4253 1375 4317 ed.
1387 4252 1528 4332 Petevii,
