4092 5150
581 394 624 460 36
872 396 1121 473 RELIQUIAE
1148 396 1324 460 SACRAE.

581 565 952 673 ἐξαιτλήσας,πολλά
962 600 1002 646 τε
1012 563 1112 647 ἆθλα
1121 562 1632 672 οἱγωνισμιὶτωνένδειξάμενος

581 705 601 782 ὁ
619 701 792 806 μακάριος
810 702 1017 787 ἀπόστολος
1037 708 1197 802 Παῦλος,
1214 701 1378 805 ἐγνωκώς
1395 735 1435 781 τε
1452 698 1510 781 δτι
1527 697 1632 779 'coit-

582 837 663 919 λιόν
680 841 781 917 ἐστιν
799 841 979 917 ἀναλῦσαι
997 839 1057 916 καὶ
1083 834 1154 916 σὺν
1172 842 1325 943 Χριστῷ
1351 832 1449 932 εἶναι,
1474 833 1632 940 ἐπιφέρει

581 977 640 1055 καὶ
658 971 767 1074 λε’γει·
798 969 854 1052 Τδ
873 971 911 1052 δὲ
925 975 1096 1071 ἐπιμεῖναι
1108 977 1153 1075 τῇ
1166 975 1286 1074 σαρκὶ,
1300 967 1575 1073 ἀναγκαιότερον
1589 969 1631 1049 δι’

583 1111 685 1206 ὑμᾶς.
717 1114 882 1188 ῒσκοπῶν
899 1105 971 1209 γὰρ
989 1109 1032 1186 οὐ
1049 1104 1093 1187 τδ
1110 1107 1235 1186 ἑαυτοῦ
1254 1104 1452 1210 συμφέρον,
1466 1101 1570 1183 bnt&
1589 1101 1656 1189 τδ5

581 1248 654 1322 τῶν
671 1247 823 1321 πολλῶν
840 1241 898 1320 ἵνα
916 1247 1100 1339 σωθῶσιν,
1119 1239 1394 1343 ἀναγκαιότερον
1417 1243 1481 1339 τῆς
1505 1240 1632 1319 ἑαυτοῦ

583 1377 820 1461 ἀναπαύσεως
837 1375 1002 1478 ἡγήσατο
1020 1375 1063 1457 τδ
1076 1377 1290 1480 παραγκῖιειν
1303 1384 1377 1460 τοῖς
1387 1379 1560 1481 ἀδελφοῖς
1574 1375 1632 1452 καὶ

583 1516 830 1612 ἐπιμελεῖσθαι
841 1512 970 1591 αὐτῶν·
989 1509 1048 1594 ”dc
1059 1514 1118 1590 καὶ
1129 1507 1193 1590 τὸν
1206 1509 1422 1590 διδάσκοντα
1433 1505 1535 1588 θέλει
1544 1504 1632 1588 εἶναι

581 1652 620 1728 ἐν
638 1653 683 1752 τῇ
700 1648 926 1752 διδασκαλίᾳ,
944 1645 1058 1727 τύπον
1075 1643 1262 1747 γινόμενον
1279 1651 1352 1725 τῶν
1366 1650 1520 1725 πιστῶν.
1550 1641 1633 1724 ὅθεν

582 1789 615 1863 οἱ
634 1786 672 1863 ἐν
689 1788 733 1886 τῇ
752 1786 870 1884 εἱρκτῇ
891 1778 1166 1882 ἐπιδικαζὸμενοι
1190 1783 1254 1879 τῆς
1279 1780 1511 1881 λειτουργίας,
1530 1780 1672 1858 ε’κπε-ιο

582 1915 834 2014 πτωκότες,καῖ
846 1911 1632 2013 ἀναπαλαίσαντες,ποίνυοῖναισθιγτοῦσι.πῶς

583 2050 655 2154 γὰρ
673 2057 834 2130 αἰτοῦσιν
862 2049 881 2129 δ
906 2050 1136 2156 κατέλειφαν,
1157 2047 1343 2143 δυνάμενοι
1364 2054 1437 2130 τοῖς
1461 2050 1632 2153 ἀδελφοῖς

583 2187 775 2289 εὕχρηστοι
789 2182 875 2264 εἷναι
888 2188 925 2264 ἐν
939 2190 1050 2291 καιρῴ
1069 2183 1240 2290 τοιούτῳς
1269 2185 1333 2266 ἕως
1347 2181 1412 2280 μὲν
1424 2183 1487 2260 οὖν
1505 2181 1629 2261 ἄπται-

584 2352 667 2399 στοι
685 2318 791 2419 ἦσαν,
807 2317 1029 2419 συγγνώμην
1047 2314 1143 2420 εἶχον
1161 2320 1218 2397 ἐπὶ
1236 2323 1280 2422 τῇ
1298 2314 1497 2423 παραλόγῳ
1517 2319 1631 2397 αὐτῶν

582 2452 722 2560 πράξει.
754 2452 812 2531 ὅτε
831 2451 868 2530 δὲ
886 2451 1062 2530 ἔπταισαν
1089 2453 1137 2534 ὡς
1160 2448 1205 2528 ἂν
1226 2447 1550 2552 περπτερευσᾶμενοι
1575 2452 1665 2541 sniis

583 2588 727 2673 ἑαυτοὺς
737 2588 1004 2688 μωμησάμενοι,
1018 2585 1133 2665 οὐκέτι
1147 2586 1313 2666 δυ’νανται
1327 2592 1556 2688 λειτουργεῖν·
1578 2582 1631 2665 διδ

584 2720 873 2830 φροντιζέτωσαν
891 2728 1036 2819 μᾶλλον
1054 2722 1092 2797 ἐν
1109 2720 1420 2825 ταπεινοφροσύνῃ
1436 2726 1513 2803 πῶς
1532 2722 1629 2800 ε’κτε·

585 2956 767 3015 decorarint:
792 2954 870 3032 quod
892 2954 991 3012 nullus
1013 2953 1083 3011 fecit
1134 2973 1172 3011 ns
1194 2954 1328 3033 exemplo
1357 2954 1500 3013 fidelibus.
1546 2954 1631 3015 Unde

584 3056 621 3094 ex
649 3035 810 3114 Apostolis.
872 3036 987 3093 Etenim
1017 3053 1082 3092 cum
1134 3035 1183 3110 qui
1199 3034 1229 3090 in
1244 3053 1358 3093 carcere
1372 3033 1565 3105 decertantes,
1578 3036 1631 3092 rui.

583 3115 691 3173 multas
713 3115 931 3193 persecutiones
954 3114 1083 3181 obiisset,
1137 3113 1257 3171 nisterio
1291 3114 1472 3181 exciderunt,
1499 3116 1632 3192 quumvis
1645 3114 1706 3165 20

586 3207 617 3254 et
639 3194 732 3252 multa
753 3195 943 3252 certaminum
968 3194 1086 3273 proemiu
1136 3212 1262 3272 pugnum
1282 3194 1516 3272 redintegrarint,
1532 3215 1632 3254 sensus

584 3275 759 3333 ostendisset
794 3274 897 3332 beatus
924 3276 950 3330 Α
972 3273 1084 3331 ostolus
1136 3273 1222 3352 plane
1231 3286 1299 3333 sunt
1309 3285 1452 3353 expertes.
1475 3273 1632 3345 Quomodo

585 3353 702 3420 Paulus,
718 3354 813 3412 sciens
827 3374 889 3412 esse
904 3294 1008 3412 meiius
1022 3354 1084 3412 dis.
1134 3354 1212 3412 euim
1221 3355 1251 3412 id
1262 3364 1366 3433 petunt
1377 3354 1455 3431 quod
1464 3365 1570 3432 sponte
1581 3355 1631 3414 de·

586 3435 666 3501 solvi,
682 3443 708 3492 et
723 3455 784 3492 esse
803 3454 865 3491 cnm
884 3434 1016 3500 Christo‚·
1039 3435 1083 3491 in·
1134 3445 1633 3513 senuerunt‚cumeotemporeesse

586 3515 654 3583 fert,
669 3525 699 3573 et
715 3514 804 3572 dicit:
830 3514 867 3571 In
883 3534 970 3572 carne
991 3523 1084 3571 autem
1134 3526 1253 3591 possent
1275 3514 1413 3572 fratribus
1434 3514 1495 3572 suis
1519 3515 1631 3573 utiles?
1647 3505 1704 3554 9

582 3615 752 3673 permonere
774 3594 868 3672 magis
893 3594 1084 3651 necessarium
1134 3592 1284 3664 Quamdiu
1299 3596 1397 3671 itaque
1411 3594 1484 3651 firmi
1498 3595 1632 3654 stabiles-

582 3683 701 3752 propter
716 3695 773 3733 vos.
797 3673 992 3731 considerans
1006 3674 1083 3731 enim
1134 3693 1192 3751 que
1212 3684 1390 3739 manserunt,
1416 3675 1562 3733 temerarii
1586 3675 1632 3733 sui

584 3774 642 3811 uon
658 3774 749 3823 susm,
762 3753 811 3811 sed
827 3754 986 3811 multorum
1002 3753 1083 3811 utili·
1135 3754 1365 3813 aususeisveuin
1376 3754 1505 3813 dabatur.
1530 3755 1632 3827 Quen.

585 3845 674 3891 tutem
697 3834 797 3911 magis,
820 3844 853 3890 ut
875 3833 945 3891 snlvi
971 3833 1083 3901 tierent,
1135 3833 1173 3891 do
1196 3844 1293 3893 sutem
1322 3834 1393 3913 lapsi
1418 3847 1496 3899 sunt,
1520 3845 1555 3893 ut
1582 3836 1632 3912 qui

586 3914 787 3979 necessarium,
804 3914 991 3979 existimavit,
1007 3913 1084 3992 npud
1135 3915 1225 3972 stulte
1239 3915 1361 3993 egerint,
1378 3923 1408 3973 et
1422 3914 1533 3993 seipsos
1547 3915 1632 3975 dede·
1641 3911 1706 3979 3¹

586 3993 690 4050 fratres
712 4012 838 4059 manere,
860 4004 1011 4051 eteorum
1034 4014 1083 4052 cu·
1135 3995 1270 4061 corarint,
1285 4015 1343 4052 non
1365 4005 1488 4072 possunt
1508 3995 1633 4074 amplius

586 4092 646 4129 ram
672 4092 795 4149 genere:
827 4073 878 4150 qui
904 4074 991 4131 etiam
1021 4072 1085 4132 vult
1136 4095 1215 4133 sucre
1229 4074 1388 4132 ministeriu
1401 4074 1498 4141 obire;
1521 4086 1553 4134 et
1566 4075 1633 4135 ideo

588 4172 664 4219 euru,
679 4152 729 4228 qui
744 4151 839 4220 docet,
854 4173 918 4211 esse
931 4153 960 4210 in
976 4151 1084 4211 doctri·
1137 4155 1227 4232 magis
1244 4174 1340 4212 curam
1359 4166 1471 4232 gerant,
1486 4155 1633 4233 quomodo

620 4338 630 4363 υ
650 4325 714 4373 Phil.
726 4327 741 4373 i.
756 4339 794 4386 23,
807 4342 845 4386 ²4·
938 4331 947 4365 t
964 4328 1037 4376 tCor.
1051 4345 1076 4378 x.
1091 4345 1129 4391 ³³·
1206 4341 1219 4368 ¹¹
1232 4330 1303 4378 Rom.
1315 4331 1357 4378 xii.
1369 4342 1381 4392 7
1393 4350 1399 4379 ι
1420 4348 1428 4379 ι
1443 4331 1507 4381 Τῖιπ.
1520 4333 1553 4381 iv.
1565 4347 1601 4381 12.
