4092 5150
475 420 538 487 192
808 420 1188 483 ANNOTATIONES

467 589 606 674 pratibus
620 590 753 665 Latinis,
769 590 851 652 idern
872 590 903 652 iu
920 599 1044 654 textum
1064 592 1177 677 recepi.
1227 593 1273 657 Ut
1287 594 1352 657 duo
1366 593 1411 657 illi
1430 594 1521 658 codd.

474 692 517 755 sic
540 693 683 757 Zonaras
706 694 746 755 ad
770 693 802 755 S.
815 693 966 756 Basilium
987 694 1085 758 habet
1099 693 1252 775 ἁμαρτάνῃ
1272 717 1330 779 pro
1352 696 1523 780 participio

473 797 657 876 ἁμαρτάνων.
706 796 797 859 Nunc
820 796 882 858 vidi
902 807 1013 860 extare
1033 797 1199 861 lectionem
1220 806 1363 861 nostram
1387 803 1471 885 φανῇ
1490 798 1523 861 in

475 898 599 981 Llopdii
615 901 718 972 mlo,
735 900 789 961 sed
805 900 915 962 abesse
930 899 1015 961 illam
1029 922 1047 962 a
1063 898 1237 963 Podaliouc
1256 902 1371 964 Veneta
1380 901 1522 986 Syuopsi.

519 1001 598 1063 lbid.
615 999 804 1085 ἁμαρτάνων]
817 1000 990 1081 Ἀμάρτημο
1005 1003 1045 1064 de
1060 1011 1191 1085 peccato
1206 1003 1310 1065 curnis
1325 1002 1522 1089 intelligitur.

474 1103 593 1166 Niuaen.
609 1103 652 1166 ll.
669 1104 732 1165 IX.
750 1104 845 1165 XIV.
875 1104 1035 1167 Hauomu.
1082 1105 1117 1167 ln
1139 1127 1260 1167 cunone
1282 1104 1335 1168 illo
1356 1106 1458 1170 XIV.
1478 1108 1523 1172 ita

474 1213 582 1287 patres
606 1206 744 1268 Nieaeui:
778 1208 853 1285 Περὶ
876 1212 934 1268 τῶν
960 1207 1186 1289 κατηχουμένων
1207 1209 1254 1270 καὶ
1275 1211 1522 1289 προπεσόντων,

474 1314 557 1387 ἔδοξε
585 1311 618 1394 τῇ
643 1310 713 1392 ἁγίᾳ
738 1311 786 1372 καὶ
807 1308 925 1393 μεγάλῃ
948 1312 1074 1392 συνόδῳ,
1101 1311 1178 1373 ὥστε
1205 1316 1293 1390 τριῶν
1318 1314 1395 1375 ἐτῶν
1418 1313 1523 1379 αὐτοὺς

474 1411 675 1491 ἀκροωμένους
696 1413 799 1489 μόνον,
822 1415 897 1489 μετὰ
919 1416 1011 1473 ταῦτα
1035 1414 1177 1494 εὔχεσθαι
1202 1416 1355 1492 μετὰτῶν
1378 1440 1521 1497 κατηχου·

473 1514 581 1593 μένων.
626 1514 747 1577 Contra
772 1513 841 1575 illos
862 1520 969 1576 autern
992 1514 1168 1597 disputans,
1192 1514 1244 1598 qui
1267 1537 1339 1577 cum
1362 1516 1523 1580 veteribus

474 1616 652 1680 scholiastis
675 1624 790 1699 putant
806 1616 885 1677 duos
906 1616 1033 1679 ordines
1053 1616 1148 1680 luisse
1168 1617 1200 1679 in
1221 1617 1353 1682 ecelesia
1376 1619 1522 1683 catechu-

475 1740 637 1780 menorum
661 1717 838 1779 nominibus
858 1716 1033 1793 distinctos,
1050 1739 1183 1800 quorum
1203 1718 1255 1781 ulii
1275 1718 1460 1783 dicerentur
1475 1740 1522 1804 90-

474 1822 662 1903 austeriores,
675 1819 726 1882 alii
742 1819 896 1881 audientes
906 1820 970 1882 sive
986 1822 1176 1899 ἀκροώμενοι,
1188 1827 1358 1905 utrumque
1369 1843 1522 1886 canonem

474 1923 567 1986 aliter
582 1923 728 2006 exposuit
748 1922 929 1985 Salmasius.
959 1930 980 1958 “
993 1923 1102 1986 Canon
1123 1922 1387 1987 Neocaesarieusis
1403 1924 1522 2010 (inquit

475 2034 493 2063 “
510 2026 575 2107 ille)
593 2048 663 2088 eum
680 2025 731 2109 qui
748 2048 787 2087 ex
802 2025 1096 2088 catechumenorum
1112 2034 1161 2089 est
1175 2026 1296 2102 ordine,
1306 2035 1339 2090 et
1355 2027 1389 2089 iu
1399 2028 1522 2093 mesia

476 2138 494 2166 “
510 2130 664 2192 orantium
682 2129 718 2193 dc
729 2128 905 2212 ymiculis,''
922 2131 1016 2211 [quos
1032 2127 1199 2212 distinguit
1217 2128 1259 2191 ab
1278 2128 1338 2192 illis
1361 2130 1416 2214 qui
1437 2131 1521 2195 domi

475 2232 714 2296 instruebantur
746 2254 783 2293 ac
813 2230 978 2293 discebant
1007 2253 1047 2293 ca
1073 2253 1143 2314 quae
1173 2239 1248 2294 suut
1274 2231 1357 2308 fidei,
1387 2234 1521 2298 necdum

474 2334 593 2417 recepti
620 2334 650 2395 in
684 2333 824 2395 ordinem
858 2332 1155 2396 catechumenorum
1183 2333 1214 2395 in
1241 2334 1372 2398 ecclesia
1398 2334 1522 2420 publice

474 2436 649 2519 orantium]
676 2436 733 2498 “si
757 2445 877 2519 peccet,
901 2436 941 2497 ad
966 2435 1169 2515 ἀκροωμένους
1189 2437 1319 2521 relegat,
1343 2437 1376 2500 id
1398 2446 1459 2515 est,
1480 2438 1522 2502 ad

471 2547 495 2577 ,e
511 2539 680 2603 seeundum
702 2538 843 2602 ordinem
867 2538 1101 2622 poenitentium,
1118 2537 1171 2623 qui
1187 2546 1311 2604 stantes
1330 2540 1522 2626 scripturam

475 2649 494 2679 “
511 2664 633 2705 sacram
654 2642 835 2705 audiebant.
882 2643 955 2705 Hoc
971 2650 1020 2705 est
1040 2643 1124 2726 quod
1145 2643 1223 2706 dicit
1237 2665 1348 2718 canon,
1365 2648 1440 2724 γόνυ
1458 2646 1520 2708 κλά-

475 2755 495 2782 “
511 2771 581 2819 νων,
604 2745 771 2823 ἀκροάσθω,
788 2745 819 2807 id
843 2753 902 2821 est,
925 2768 995 2808 eum
1019 2746 1058 2808 do
1080 2745 1231 2830 geniculis
1250 2755 1366 2820 oraret,
1392 2748 1521 2811 verbum

475 2857 494 2885 “
512 2856 601 2910 stans
621 2847 741 2921 audiat,
758 2857 790 2910 et
815 2869 873 2930 pro
893 2848 1119 2910 catechumeno
1135 2846 1193 2911 fiat
1214 2849 1372 2932 poenitens
1393 2850 1521 2912 secundi

474 2950 637 3033 “gradus
683 2949 766 3013 Num
789 2949 899 3013 statim
921 2949 1041 3032 adjicit,
1065 2952 1172 3013 ἐὰνδὲ
1197 2952 1244 3013 καὶ
1266 2952 1453 3031 ἀκροώμενος
1479 2952 1522 3015 ἔτι

475 3061 494 3087 “
510 3051 671 3132 ἁμαρτάνῃ,
688 3054 863 3129 ἐξωθείσθω.
909 3052 948 3114 Si
961 3053 1089 3115 audiens
1102 3053 1201 3115 adbuc
1210 3075 1336 3138 peccare
1343 3063 1522 3139 perseveret,

474 3154 543 3216 “id
566 3162 624 3228 est,
648 3154 680 3216 iu
702 3153 897 3216 audientium
921 3154 1143 3237 poenitentium
1165 3155 1275 3218 ordine
1297 3164 1397 3231 stans,
1421 3155 1461 3219 ub
1479 3178 1521 3220 ec-

475 3264 493 3291 “
509 3256 597 3319 cleric
612 3257 780 3338 ejicietur?
826 3258 907 3318 Haec
923 3256 970 3317 rir
987 3279 1129 3341 mugnus,
1146 3257 1204 3319 sub
1225 3258 1350 3321 nomine
1366 3259 1522 3344 atriplice

481 3358 582 3422 Varini
603 3359 714 3433 latens,
739 3360 769 3420 in
793 3360 948 3421 'fractatu
971 3360 1124 3422 Adversus
1149 3360 1250 3422 (troni
1273 3359 1401 3423 Librum
1418 3372 1521 3446 poster·

473 3486 565 3539 inem,
582 3486 612 3547 p.
630 3483 637 3523 ι
652 3465 744 3524 ι6-ι
757 3484 804 3544 19.
853 3463 959 3546 Magis
979 3464 1020 3525 ad
1042 3463 1181 3527 litteram
1197 3484 1299 3525 canon
1318 3463 1366 3526 ita
1386 3486 1521 3549 expone·

472 3575 581 3640 retur;
608 3566 641 3629 Si
657 3566 911 3641 catechumenus,
925 3566 1021 3649 quiin
1038 3565 1169 3629 eeclesia
1183 3565 1267 3628 inter
1278 3565 1521 3630 catechumenos

474 3669 611 3741 steterit,
626 3690 755 3751 peecare
771 3667 986 3752 deprehensus
1000 3668 1105 3741 suerit,
1116 3668 1248 3751 genibus
1263 3666 1353 3730 flexis
1367 3666 1453 3731 inter
1466 3691 1521 3732 uu·

474 3773 596 3835 dientes
624 3781 775 3846 versetur,
804 3795 865 3833 nen
894 3793 1027 3854 peccans
1054 3771 1203 3843 ulterius;
1241 3770 1289 3832 sin
1313 3771 1412 3833 etiam
1438 3771 1522 3835 inter

473 3877 638 3938 audientes
656 3883 806 3946 versutus,
823 3876 926 3937 adhuc
943 3896 1072 3958 peccare
1093 3872 1347 3958 perseveraverit,
1365 3872 1519 3956 ejiciatur.

474 3979 618 4061 Denique
634 3979 673 4039 dc
689 3977 815 4061 illisqui
832 3987 907 4040 aute
923 3977 1114 4061 baptisumm
1132 3975 1356 4059 peccavissent,
1371 3975 1426 4037 adi
1442 3974 1521 4038 (lon-

472 4103 579 4141 cmunu
610 4080 826 4154 Auerrmvvn,
858 4080 910 4141 ubi
943 4079 981 4141 ad
1011 4081 1090 4141 Can.
1117 4078 1206 4140 XII.
1237 4077 1305 4161 ugit
1339 4077 1379 4140 de
1409 4077 1520 4140 iisdem

473 4183 636 4252 Zonaras;
661 4181 687 4244 is
708 4204 791 4256 vero,
807 4189 843 4243 ut
858 4181 962 4244 obiter
983 4180 1043 4242 hoe
1067 4197 1185 4255 notem,
1201 4181 1233 4242 in
1256 4179 1521 4264 interpretatione

474 4307 532 4346 sua
562 4284 691 4346 canonis
715 4307 768 4347 xx.
802 4284 834 4346 S.
856 4283 974 4359 Basilii,
1006 4284 1063 4346 dat
1089 4305 1228 4366 operam,
1260 4290 1296 4345 ut
1326 4291 1521 4346 asserentem

472 4393 597 4469 patrem
620 4384 705 4448 illum
727 4385 757 4447 in
776 4384 929 4468 judicium
949 4407 1011 4447 non
1032 4384 1133 4447 vocari
1154 4385 1304 4469 pristinos
1322 4384 1520 4449 catechume-
