4092 5150
470 430 535 495 Μ
819 421 1183 490 ANNOTATIONES

472 601 528 665 lin.
544 617 593 685 15.
609 622 640 684 p.
654 599 731 682 396.
756 598 852 660 Nune
867 604 975 661 eutem
989 607 1080 660 recte
1090 596 1233 660 tortasse
1247 598 1388 662 adnotet
1403 594 1519 661 ellici

472 703 595 767 nichen.
632 709 653 738 ‘⁸
671 699 829 784 Equidem
844 699 922 763 nihil
936 699 1029 764 rideo
1044 721 1103 762 cur
1116 699 1257 765 lectione
1272 701 1403 786 vulgate
1417 699 1519 765 offendi

474 819 493 839 ‘⁴
507 814 593 870 recte
602 802 768 888 possimus,
780 824 883 886 neque
893 801 935 865 ud
944 804 996 868 τὰς
1005 801 1099 868 circs
1110 801 1257 868 ἀθεάτους
1269 802 1319 865 καὶ
1328 804 1383 867 τὰς
1392 799 1521 878 mdccc

475 922 494 942 '‘
510 907 693 994 praecedens
707 907 833 985 ἀτόμους
852 903 1008 989 supplere.
1055 905 1207 988 Apparet
1227 904 1327 979 euim,
1343 903 1447 977 credo,
1465 923 1521 966 non

473 1026 495 1057 “
511 1019 579 1082 siue
598 1014 754 1081 acerbiori
775 1014 878 1078 ironis
893 1013 1083 1098 Dionysium
1103 1013 1220 1090 dicere,
1239 1017 1397 1098 Spectent
1414 1013 1521 1077 scilicet

474 1128 493 1158 “
510 1119 670 1202 Epicurei,
686 1117 713 1180 si
734 1116 850 1200 placet,
867 1122 1003 1191 atomos,
1018 1137 1091 1199 quae
1111 1116 1257 1179 omnium
1277 1115 1407 1201 lugiunt
1423 1137 1521 1198 espec·

473 1238 495 1268 “
510 1236 590 1301 tum,
603 1228 745 1312 cogitent
760 1226 820 1289 sibi
835 1233 870 1290 et
885 1226 1065 1304 informent,
1078 1249 1150 1312 quae
1165 1228 1303 1313 cogitari
1320 1234 1357 1292 ct
1370 1226 1521 1292 informari

474 1339 495 1368 “
510 1330 604 1415 plene
619 1328 811 1412 nequeunt.”

519 1435 555 1495 P.
565 1450 641 1516 397.
656 1431 676 1493 l.
694 1450 741 1496 12.
757 1431 792 1494 τὸ
803 1431 1029 1513 ἆκατέργαστόν
1044 1457 1100 1494 σου
1116 1435 1240 1496 εἴδοσαν
1251 1435 1281 1496 ol
1295 1435 1452 1513 ὄφθαλμοί
1460 1432 1520 1517 μον]

475 1536 578 1599 Locus
593 1533 671 1597 mihi
686 1533 815 1617 quidem
830 1534 1051 1618 perobscurus.
1097 1534 1242 1596 Primum
1257 1541 1370 1598 temen
1390 1557 1447 1620 pro
1463 1538 1520 1598 tte

473 1663 534 1701 σαν
550 1637 608 1720 (sic
628 1636 660 1699 in
676 1636 835 1721 prioribus
851 1636 1022 1721 Vigsrienu
1036 1637 1122 1719 edd.)
1139 1636 1264 1721 legend.
1280 1640 1357 1714 ἴδον,
1373 1637 1420 1701 vel
1440 1637 1519 1712 εἶδον,

472 1747 510 1804 ut
535 1740 621 1824 opud
643 1738 807 1822 Chrysost.
824 1746 858 1804 et
881 1740 969 1812 ulios,
993 1747 1091 1823 etque
1118 1739 1152 1802 in
1174 1739 1324 1803 omnibus
1348 1740 1519 1804 Graecomm

473 1841 650 1905 Bibliorum
666 1840 869 1904 editionibus.
916 1841 1052 1917 Deinde,
1068 1841 1214 1905 relictam
1234 1841 1324 1905 illam
1346 1843 1389 1906 ab
1408 1841 1519 1906 caeteris

473 1943 621 2006 omnibus
650 1942 818 2006 lcctionem
853 1951 1006 2030 sequutus
1038 1952 1101 2020 est,
1137 1942 1366 2025 όκατέργαοτόν
1401 1970 1463 2017 σου,
1489 1952 1518 2006 et

473 2047 631 2126 ὀφθαλμοί
649 2072 717 2124 μου.
764 2044 826 2110 Illa
847 2047 931 2109 enim
954 2048 1129 2128 φανερωθὲν
1145 2047 1239 2130 ἑαυτῷ
1258 2045 1448 2130 significent,
1462 2066 1516 2108 non

474 2147 535 2211 Dei
558 2149 614 2211 sed
637 2147 773 2211 Davidis
787 2148 894 2212 oculos
915 2149 946 2212 id
967 2148 1100 2212 vidisse:
1124 2148 1194 2222 hoc,
1218 2147 1345 2232 opinor,
1369 2147 1515 2224 sensuri

475 2250 701 2332 ἆκατέργαστόν
723 2276 791 2326 σου,
814 2251 872 2315 &c
920 2251 1007 2331 Quod
1021 2273 1057 2315 αν
1080 2251 1141 2314 διιόν
1163 2249 1302 2336 operibus
1325 2252 1515 2337 imperfectum

474 2353 575 2416 adduc
605 2363 632 2416 et
654 2352 826 2437 impolitum
856 2353 1025 2430 videbatur,
1053 2352 1133 2416 oculi
1158 2353 1282 2417 tandm
1310 2355 1370 2417 mei
1388 2351 1513 2439 perside

475 2465 571 2529 mut·
596 2455 650 2518 ubi
665 2454 812 2520 videlicet
832 2457 945 2540 mojori
964 2456 1023 2521 ebs
1037 2463 1071 2519 te
1090 2454 1160 2519 luce
1180 2455 1301 2540 perfusi
1317 2456 1450 2541 caligare
1467 2455 1510 2517 dc⁴

476 2556 606 2622 cierunt.
652 2559 734 2622 Haec
757 2559 799 2622 ed
825 2559 1029 2644 operiendum
1051 2565 1212 2645 utcunque
1236 2558 1384 2645 Dionysii
1405 2562 1510 2622 senten

476 2661 562 2724 tiam.
610 2664 772 2725 Gruterum
788 2662 962 2725 communis
982 2663 1157 2746 eodemque
1177 2663 1296 2726 certior
1310 2663 1405 2727 lectio
1419 2670 1470 2737 est,
1483 2659 1508 2721 τὸ

478 2762 700 2843 ἀκατέργαστόν
714 2789 782 2841 μου,
803 2763 892 2836 εἶδον,
909 2764 957 2828 vel
977 2768 1048 2839 ἴδον,
1066 2768 1093 2827 οἱ
1114 2767 1272 2845 ὀφθαλμοί
1284 2792 1350 2829 σου.
1374 2775 1410 2829 ut
1425 2762 1508 2825 Hebr-

475 2880 552 2938 μιν
575 2883 626 2928 iun
651 2865 717 2931 rubr
741 2887 797 2941 nze,
819 2888 887 2929 αινι
912 2868 1013 2931 adduc
1038 2878 1171 2931 materno
1192 2870 1226 2930 ιἰι
1250 2878 1335 2931 utero
1355 2869 1509 2949 δμόρφιντνς

476 2977 503 3029 ct
523 2967 677 3030 inchoatus
692 2965 810 3049 eindryo
829 2967 948 3030 clausus
966 2977 1091 3043 tenerer,
1112 2966 1192 3030 cccli
1210 2967 1258 3030 tui
1281 2966 1444 3030 clariss-ime
1452 2982 1508 3048 μιν

476 3070 627 3133 ciderunt.
682 3069 720 3130 Id
745 3071 828 3132 euim
856 3077 906 3133 est
932 3070 999 3137 nbi.
1054 3072 1132 3150 Quae
1155 3069 1414 3152 Chrysostomus,
1438 3070 1507 3150 syn

476 3172 580 3234 machi
590 3171 832 3255 explicationem
844 3179 1005 3256 sequutus,
1018 3193 1089 3235 cum
1100 3172 1306 3254 sequentibus
1318 3173 1366 3237 ita
1380 3169 1507 3256 pertexit

475 3271 671 3354 Ἀμόρφωτόν
693 3300 740 3352 με,
763 3274 906 3337 τουτέστι.
929 3274 1042 3352 μηδένα
1061 3277 1199 3352 λαβόντα
1214 3278 1318 3349 τύπον,
1337 3278 1380 3338 ἔτι
1397 3272 1507 3337 πλαπό·

476 3402 577 3455 μενον,
594 3378 637 3439 ἔτι
658 3380 871 3458 ὑφαινόμενον·
897 3377 944 3438 καὶ
967 3378 1041 3439 οὕτω
1063 3402 1101 3455 με
1123 3379 1187 3439 ἴδον
1210 3384 1328 3459 σαφῶς,
1354 3380 1393 3443 ὡς
1414 3380 1509 3440 ἐκεῖνον

476 3479 529 3540 τὸν
544 3480 778 3559 πεπληρωμένον
799 3481 846 3542 καὶ
867 3479 1004 3556 οὐδεμιᾶς
1023 3478 1132 3558 ἡμέρας
1147 3479 1191 3541 ἔτι
1211 3482 1367 3558 δεόμενον,
1383 3479 1452 3560 πρὸς
1468 3477 1509 3552 τὴν

478 3579 646 3658 ἂπόρτισιν.
685 3582 730 3645 Et
745 3582 839 3667 puulo
855 3587 936 3664 post,
952 3582 1060 3659 ὁμοίως
1075 3583 1197 3647 ἐκείνοις
1207 3607 1245 3659 με
1258 3582 1345 3659 εἶδες,
1360 3593 1420 3650 τοῖς
1429 3588 1509 3644 πλασ-

480 3683 628 3760 σομένοις,
647 3685 680 3745 έν
695 3690 758 3750 ταῖς
772 3684 893 3764 ἡμέραις
908 3684 1012 3755 αὐτῶν,
1026 3682 1156 3763 ἡμέραις,
1172 3684 1218 3749 αἶς
1233 3685 1287 3746 οὐκ
1303 3686 1399 3748 ἐνέδει
1409 3682 1509 3762 οὐδεμία

477 3784 579 3863 ἡμέρα.
605 3787 748 3847 Vmerus.
794 3785 979 3849 Notandum
1001 3792 1062 3861 est,
1086 3794 1196 3849 extero
1219 3786 1390 3851 lectionem
1411 3786 1509 3867 Diony·

478 3887 600 3949 sianum
621 3888 844 3968 ἆκατέργαστόν
860 3914 924 3960 σου,
941 3896 975 3951 et
998 3890 1154 3968 ὀφθαλμοί
1170 3913 1237 3966 μου,
1256 3887 1288 3950 iu
1307 3889 1414 3952 codice
1429 3887 1509 3950 Alex·

478 3988 612 4051 undrino
627 3996 685 4051 τῶν
700 3990 735 4051 0'.
751 4012 771 4053 a
787 3989 909 4053 Grubio
928 3998 1001 4074 post
1023 3990 1130 4074 Vigeri
1146 3998 1294 4073 tempora
1313 3990 1428 4075 publici
1444 3984 1508 4073 juris

479 4091 574 4162 lucto,
599 4091 741 4175 quamvis
764 4092 806 4155 ab
830 4093 941 4155 eodem
964 4092 1086 4155 Grnbio
1111 4094 1143 4154 in
1166 4114 1256 4155 orem
1281 4094 1360 4157 editi
1385 4092 1452 4155 libri
1472 4110 1506 4151 re

476 4193 604 4275 jectam.
659 4197 791 4257 Εἴδοσον
814 4218 947 4280 quoque,
969 4196 1054 4280 quod
1078 4218 1137 4280 ope
1161 4198 1255 4259 susti
1277 4191 1507 4281 Praepamseb

478 4295 878 4378 E0a229.10anneneisvice
900 4306 952 4362 τοῦ
976 4303 1087 4363 ἵδωσαν
1110 4298 1266 4383 Dionysio
1288 4300 1423 4384 reposui,
1437 4279 1504 4361 cod-‘t

480 4397 567 4459 Αῐιν.
586 4420 650 4480 prae
671 4420 704 4462 so
720 4399 794 4477 fert,
810 4424 883 4467 nuni
907 4403 1009 4466 forma
1031 4409 1080 4466 est
1101 4402 1330 4486 interpretibus
1346 4401 1454 4465 LXX.
1467 4416 1502 4458 sc
