<?xml version="1.0" encoding="UTF-8"?>
<!DOCTYPE html PUBLIC "-//W3C//DTD XHTML 1.0 Transitional//EN"
    "http://www.w3.org/TR/xhtml1/DTD/xhtml1-transitional.dtd">
<html xmlns="http://www.w3.org/1999/xhtml" xml:lang="en" lang="en">
 <head>
  <title>
</title>
<meta http-equiv="Content-Type" content="text/html;charset=utf-8" />
  <meta name='ocr-system' content='tesseract 3.04.00' />
  <meta name='ocr-capabilities' content='ocr_page ocr_carea ocr_par ocr_line ocrx_word'/>
</head>
<body>
  <div class='ocr_page' id='page_1' title='image "./reliquiaesacrae03routgoog_0320.png"; bbox 0 0 4092 5150; ppageno 0'>
   <div class='ocr_carea' id='block_1_1' title="bbox 473 421 1341 488">
    <p class='ocr_par' dir='ltr' id='par_1_1' title="bbox 473 421 1341 488">
     <span class='ocr_line' id='line_1_1' title="bbox 473 421 1341 488; baseline -0.002 0"><span class='ocrx_word' id='word_1_1' title='bbox 473 426 539 488; x_wconf 76' lang='lat'>302</span> <span class='ocrx_word' id='word_1_2' title='bbox 661 421 936 487; x_wconf 90' lang='lat' dir='ltr'>CONClLlUM</span> <span class='ocrx_word' id='word_1_3' title='bbox 960 422 1288 488; x_wconf 81' lang='lat' dir='ltr'><strong>ARELATENSE</strong></span> <span class='ocrx_word' id='word_1_4' title='bbox 1312 422 1341 487; x_wconf 89' lang='lat'>1.</span> 
     </span>
    </p>
   </div>
   <div class='ocr_carea' id='block_1_2' title="bbox 471 593 1520 1788">
    <p class='ocr_par' dir='ltr' id='par_1_2' title="bbox 471 593 1520 1788">
     <span class='ocr_line' id='line_1_2' title="bbox 471 593 1519 700; baseline 0.006 -26"><span class='ocrx_word' id='word_1_5' title='bbox 471 595 604 700; x_wconf 96' lang='grc' dir='ltr'>χλεύης</span> <span class='ocrx_word' id='word_1_6' title='bbox 631 593 777 676; x_wconf 76' lang='grc' dir='ltr'>διδόναι·</span> <span class='ocrx_word' id='word_1_7' title='bbox 811 594 893 674; x_wconf 80' lang='grc' dir='ltr'>ὅθεν</span> <span class='ocrx_word' id='word_1_8' title='bbox 918 595 1137 696; x_wconf 74' lang='grc' dir='ltr'>προνοητέον</span> <span class='ocrx_word' id='word_1_9' title='bbox 1162 630 1224 692; x_wconf 90' lang='grc' dir='ltr'>μοι</span> <span class='ocrx_word' id='word_1_10' title='bbox 1251 597 1405 698; x_wconf 61' lang='grc' dir='ltr'>ἐγενετο,</span> <span class='ocrx_word' id='word_1_11' title='bbox 1429 597 1519 682; x_wconf 72' lang='grc' dir='ltr'>ὅπως</span> 
     </span>
     <span class='ocr_line' id='line_1_3' title="bbox 471 729 1519 837; baseline 0.002 -26"><span class='ocrx_word' id='word_1_12' title='bbox 471 741 588 829; x_wconf 84' lang='grc' dir='ltr'>τοῦτο,</span> <span class='ocrx_word' id='word_1_13' title='bbox 607 732 694 834; x_wconf 82' lang='grc' dir='ltr'>ὅπερ</span> <span class='ocrx_word' id='word_1_14' title='bbox 712 735 820 835; x_wconf 82' lang='grc' dir='ltr'>ἐχρῆν</span> <span class='ocrx_word' id='word_1_15' title='bbox 837 730 930 829; x_wconf 74' lang='grc' dir='ltr'>μετὰ</span> <span class='ocrx_word' id='word_1_16' title='bbox 946 729 1013 829; x_wconf 81' lang='grc' dir='ltr'>τὴν</span> <span class='ocrx_word' id='word_1_17' title='bbox 1037 731 1285 837; x_wconf 81' lang='grc' dir='ltr'>ἐξενεχθεῖσαν</span> <span class='ocrx_word' id='word_1_18' title='bbox 1306 733 1378 833; x_wconf 74' lang='grc' dir='ltr'>ἤδη</span> <span class='ocrx_word' id='word_1_19' title='bbox 1396 735 1519 835; x_wconf 82' lang='grc' dir='ltr'>κρίσιν,</span> 
     </span>
     <span class='ocr_line' id='line_1_4' title="bbox 473 865 1520 974; baseline 0.004 -29"><span class='ocrx_word' id='word_1_20' title='bbox 473 865 668 973; x_wconf 75' lang='grc' dir='ltr'>αὐθαιρέτῳ</span> <span class='ocrx_word' id='word_1_21' title='bbox 701 865 966 966; x_wconf 76' lang='grc' dir='ltr'>συγκαταθέσει</span> <span class='ocrx_word' id='word_1_22' title='bbox 993 873 1212 965; x_wconf 82' lang='grc' dir='ltr'>πεπαῦσθαι,</span> <span class='ocrx_word' id='word_1_23' title='bbox 1243 865 1313 974; x_wconf 73' lang='grc' dir='ltr'>κᾷν</span> <span class='ocrx_word' id='word_1_24' title='bbox 1347 877 1411 948; x_wconf 83' lang='grc' dir='ltr'>νῦν</span> <span class='ocrx_word' id='word_1_25' title='bbox 1440 869 1520 948; x_wconf 85' lang='grc' dir='ltr'>ποτέ</span> 
     </span>
     <span class='ocr_line' id='line_1_5' title="bbox 472 1000 1520 1108; baseline 0.003 -26"><span class='ocrx_word' id='word_1_26' title='bbox 472 1009 606 1108; x_wconf 78' lang='grc' dir='ltr'>δυνηθῇ</span> <span class='ocrx_word' id='word_1_27' title='bbox 625 1010 776 1082; x_wconf 83' lang='grc' dir='ltr'>πολλῶν</span> <span class='ocrx_word' id='word_1_28' title='bbox 786 1000 975 1105; x_wconf 83' lang='grc' dir='ltr'>παρόντων</span> <span class='ocrx_word' id='word_1_29' title='bbox 988 1003 1115 1086; x_wconf 86' lang='grc' dir='ltr'>τέλους</span> <span class='ocrx_word' id='word_1_30' title='bbox 1128 1010 1259 1108; x_wconf 83' lang='grc' dir='ltr'>τυχεῖν.</span> <span class='ocrx_word' id='word_1_31' title='bbox 1275 1003 1398 1104; x_wconf 74' lang='grc' dir='ltr'>ἐπειδὴ</span> <span class='ocrx_word' id='word_1_32' title='bbox 1409 1007 1520 1084; x_wconf 83' lang='grc' dir='ltr'>τοίνυν</span> 
     </span>
     <span class='ocr_line' id='line_1_6' title="bbox 471 1136 1517 1244; baseline 0.003 -26"><span class='ocrx_word' id='word_1_33' title='bbox 471 1141 667 1221; x_wconf 76' lang='grc' dir='ltr'>πλείστους</span> <span class='ocrx_word' id='word_1_34' title='bbox 685 1141 724 1217; x_wconf 88' lang='grc' dir='ltr'>ἐκ</span> <span class='ocrx_word' id='word_1_35' title='bbox 741 1136 924 1244; x_wconf 84' lang='grc' dir='ltr'>διαφόρων</span> <span class='ocrx_word' id='word_1_36' title='bbox 943 1141 1001 1217; x_wconf 83' lang='grc' dir='ltr'>καὶ</span> <span class='ocrx_word' id='word_1_37' title='bbox 1020 1138 1212 1238; x_wconf 84' lang='grc' dir='ltr'>ἀμυθήτων</span> <span class='ocrx_word' id='word_1_38' title='bbox 1228 1137 1355 1220; x_wconf 84' lang='grc' dir='ltr'>τόπων</span> <span class='ocrx_word' id='word_1_39' title='bbox 1374 1141 1517 1221; x_wconf 87' lang='grc' dir='ltr'>ἐπισκό·</span> 
     </span>
     <span class='ocr_line' id='line_1_7' title="bbox 471 1270 1518 1375; baseline 0.006 -24"><span class='ocrx_word' id='word_1_40' title='bbox 471 1307 561 1356; x_wconf 93' lang='grc' dir='ltr'>πους</span> <span class='ocrx_word' id='word_1_41' title='bbox 589 1280 638 1355; x_wconf 88' lang='grc' dir='ltr'>εὶς</span> <span class='ocrx_word' id='word_1_42' title='bbox 659 1270 725 1371; x_wconf 78' lang='grc' dir='ltr'>τὴν</span> <span class='ocrx_word' id='word_1_43' title='bbox 750 1274 1053 1375; x_wconf 62' lang='grc' dir='ltr'>Ι1Ἀρεταλησίων</span> <span class='ocrx_word' id='word_1_44' title='bbox 1077 1271 1187 1354; x_wconf 86' lang='grc' dir='ltr'>πόλιν</span> <span class='ocrx_word' id='word_1_45' title='bbox 1210 1275 1299 1354; x_wconf 88' lang='grc' dir='ltr'>εἵσω</span> <span class='ocrx_word' id='word_1_46' title='bbox 1321 1281 1518 1357; x_wconf 73' lang='grc' dir='ltr'>Καλανδῶν</span> 
     </span>
     <span class='ocr_line' id='line_1_8' title="bbox 474 1406 1514 1517; baseline 0.004 -31"><span class='ocrx_word' id='word_1_47' title='bbox 474 1406 696 1508; x_wconf 81' lang='grc' dir='ltr'>Αύγούστων</span> <span class='ocrx_word' id='word_1_48' title='bbox 723 1414 911 1486; x_wconf 85' lang='grc' dir='ltr'>συνελθεῖν</span> <span class='ocrx_word' id='word_1_49' title='bbox 937 1408 1185 1506; x_wconf 78' lang='grc' dir='ltr'>ἐκελεύσαμεν,</span> <span class='ocrx_word' id='word_1_50' title='bbox 1204 1416 1265 1489; x_wconf 78' lang='grc' dir='ltr'>καὶ</span> <span class='ocrx_word' id='word_1_51' title='bbox 1291 1415 1356 1489; x_wconf 76' lang='grc' dir='ltr'>σοὶ</span> <span class='ocrx_word' id='word_1_52' title='bbox 1382 1413 1514 1517; x_wconf 72' lang='grc' dir='ltr'>γράψον</span> 
     </span>
     <span class='ocr_line' id='line_1_9' title="bbox 472 1541 1513 1649; baseline 0.005 -28"><span class='ocrx_word' id='word_1_53' title='bbox 472 1545 696 1641; x_wconf 79' lang='grc' dir='ltr'>ἐνομίσαμεν,</span> <span class='ocrx_word' id='word_1_54' title='bbox 708 1543 766 1621; x_wconf 84' lang='grc' dir='ltr'>ἵνα</span> <span class='ocrx_word' id='word_1_55' title='bbox 779 1541 906 1636; x_wconf 76' lang='grc' dir='ltr'>λαβὼν</span> <span class='ocrx_word' id='word_1_56' title='bbox 919 1541 1019 1646; x_wconf 83' lang='grc' dir='ltr'>παρὰ</span> <span class='ocrx_word' id='word_1_57' title='bbox 1031 1552 1095 1623; x_wconf 81' lang='grc' dir='ltr'>τοῦ</span> <span class='ocrx_word' id='word_1_58' title='bbox 1105 1545 1365 1648; x_wconf 80' lang='grc' dir='ltr'>λαμπροτάτου</span> <span class='ocrx_word' id='word_1_59' title='bbox 1380 1553 1513 1649; x_wconf 86' lang='grc' dir='ltr'>Λατρω</span> 
     </span>
     <span class='ocr_line' id='line_1_10' title="bbox 473 1677 1508 1788; baseline 0.006 -32"><span class='ocrx_word' id='word_1_60' title='bbox 473 1687 592 1757; x_wconf 86' lang='grc' dir='ltr'>νιανοῦ</span> <span class='ocrx_word' id='word_1_61' title='bbox 617 1687 681 1757; x_wconf 84' lang='grc' dir='ltr'>τοῦ</span> <span class='ocrx_word' id='word_1_62' title='bbox 708 1691 722 1720; x_wconf 81' lang='lat'>¹</span> <span class='ocrx_word' id='word_1_63' title='bbox 735 1677 968 1781; x_wconf 79' lang='grc' dir='ltr'>κοντήκτορος</span> <span class='ocrx_word' id='word_1_64' title='bbox 997 1683 1161 1764; x_wconf 77' lang='grc' dir='ltr'>Σικελίας</span> <span class='ocrx_word' id='word_1_65' title='bbox 1189 1681 1368 1782; x_wconf 85' lang='grc' dir='ltr'>δημόσιον</span> <span class='ocrx_word' id='word_1_66' title='bbox 1395 1683 1508 1788; x_wconf 80' lang='grc' dir='ltr'>ὄχημα</span> 
     </span>
    </p>
   </div>
   <div class='ocr_carea' id='block_1_3' title="bbox 472 1811 1506 1921">
    <p class='ocr_par' dir='ltr' id='par_1_3' title="bbox 472 1811 1506 1921">
     <span class='ocr_line' id='line_1_11' title="bbox 472 1811 1506 1921; baseline 0.004 -30"><span class='ocrx_word' id='word_1_67' title='bbox 472 1811 645 1919; x_wconf 78' lang='grc' dir='ltr'>συζεύξας</span> <span class='ocrx_word' id='word_1_68' title='bbox 664 1819 805 1921; x_wconf 84' lang='grc' dir='ltr'>σεαυτῳ</span> <span class='ocrx_word' id='word_1_69' title='bbox 819 1819 878 1893; x_wconf 82' lang='grc' dir='ltr'>καὶ</span> <span class='ocrx_word' id='word_1_70' title='bbox 896 1814 959 1894; x_wconf 92' lang='grc' dir='ltr'>δύο</span> <span class='ocrx_word' id='word_1_71' title='bbox 977 1816 1026 1917; x_wconf 84' lang='grc' dir='ltr'>γε’</span> <span class='ocrx_word' id='word_1_72' title='bbox 1034 1851 1132 1900; x_wconf 92' lang='grc' dir='ltr'>τινας</span> <span class='ocrx_word' id='word_1_73' title='bbox 1144 1824 1217 1896; x_wconf 82' lang='grc' dir='ltr'>τῶν</span> <span class='ocrx_word' id='word_1_74' title='bbox 1231 1821 1271 1897; x_wconf 89' lang='grc' dir='ltr'>ἐκ</span> <span class='ocrx_word' id='word_1_75' title='bbox 1284 1827 1351 1898; x_wconf 83' lang='grc' dir='ltr'>τοῦ</span> <span class='ocrx_word' id='word_1_76' title='bbox 1365 1820 1506 1920; x_wconf 85' lang='grc' dir='ltr'>δευτέρου</span> 
     </span>
    </p>
   </div>
   <div class='ocr_carea' id='block_1_4' title="bbox 473 1947 1504 2058">
    <p class='ocr_par' dir='ltr' id='par_1_4' title="bbox 473 1947 1504 2058">
     <span class='ocr_line' id='line_1_12' title="bbox 473 1947 1504 2058; baseline 0 -29"><span class='ocrx_word' id='word_1_77' title='bbox 473 1949 612 2053; x_wconf 88' lang='grc' dir='ltr'>θρόνου,</span> <span class='ocrx_word' id='word_1_78' title='bbox 633 1950 693 2034; x_wconf 78' lang='grc' dir='ltr'>οὓς</span> <span class='ocrx_word' id='word_1_79' title='bbox 720 1950 765 2029; x_wconf 84' lang='grc' dir='ltr'>ἂν</span> <span class='ocrx_word' id='word_1_80' title='bbox 792 1947 842 2030; x_wconf 80' lang='grc' dir='ltr'>σύ</span> <span class='ocrx_word' id='word_1_81' title='bbox 870 1951 976 2034; x_wconf 81' lang='grc' dir='ltr'>αὐτὸς</span> <span class='ocrx_word' id='word_1_82' title='bbox 1003 1953 1240 2058; x_wconf 79' lang='grc' dir='ltr'>ἐπιλέξασθαι</span> <span class='ocrx_word' id='word_1_83' title='bbox 1267 1956 1399 2056; x_wconf 86' lang='grc' dir='ltr'>κρίνης,</span> <span class='ocrx_word' id='word_1_84' title='bbox 1425 1947 1504 2032; x_wconf 72' lang='grc' dir='ltr'>ἀλλὰ</span> 
     </span>
    </p>
   </div>
   <div class='ocr_carea' id='block_1_5' title="bbox 472 2082 1502 2999">
    <p class='ocr_par' dir='ltr' id='par_1_5' title="bbox 472 2082 1502 2999">
     <span class='ocr_line' id='line_1_13' title="bbox 472 2082 1502 2188; baseline 0.002 -25"><span class='ocrx_word' id='word_1_85' title='bbox 472 2082 544 2183; x_wconf 82' lang='grc' dir='ltr'>μὴν</span> <span class='ocrx_word' id='word_1_86' title='bbox 562 2089 620 2164; x_wconf 84' lang='grc' dir='ltr'>καὶ</span> <span class='ocrx_word' id='word_1_87' title='bbox 647 2093 740 2186; x_wconf 86' lang='grc' dir='ltr'>τρεῖς</span> <span class='ocrx_word' id='word_1_88' title='bbox 766 2092 896 2170; x_wconf 89' lang='grc' dir='ltr'>παῖδας</span> <span class='ocrx_word' id='word_1_89' title='bbox 922 2085 1006 2170; x_wconf 79' lang='grc' dir='ltr'>τοὺς</span> <span class='ocrx_word' id='word_1_90' title='bbox 1034 2088 1297 2188; x_wconf 73' lang='grc' dir='ltr'>δυνησομένους</span> <span class='ocrx_word' id='word_1_91' title='bbox 1326 2093 1407 2188; x_wconf 83' lang='grc' dir='ltr'>ὑμῖν</span> <span class='ocrx_word' id='word_1_92' title='bbox 1432 2085 1502 2167; x_wconf 74' lang='grc' dir='ltr'>κατὰ</span> 
     </span>
     <span class='ocr_line' id='line_1_14' title="bbox 472 2220 1500 2324; baseline 0.005 -26"><span class='ocrx_word' id='word_1_93' title='bbox 472 2220 539 2319; x_wconf 85' lang='grc' dir='ltr'>τὴν</span> <span class='ocrx_word' id='word_1_94' title='bbox 557 2221 641 2299; x_wconf 83' lang='grc' dir='ltr'>ὁδὸν</span> <span class='ocrx_word' id='word_1_95' title='bbox 661 2223 956 2322; x_wconf 73' lang='grc' dir='ltr'>ύπηρετύσασθαι</span> <span class='ocrx_word' id='word_1_96' title='bbox 973 2223 1212 2324; x_wconf 81' lang='grc' dir='ltr'>παραλαβὼν,</span> <span class='ocrx_word' id='word_1_97' title='bbox 1229 2224 1318 2303; x_wconf 86' lang='grc' dir='ltr'>ε’ίσω</span> <span class='ocrx_word' id='word_1_98' title='bbox 1337 2230 1399 2323; x_wconf 78' lang='grc' dir='ltr'>τῆς</span> <span class='ocrx_word' id='word_1_99' title='bbox 1416 2225 1500 2317; x_wconf 70' lang='grc' dir='ltr'>αὐτῆς</span> 
     </span>
     <span class='ocr_line' id='line_1_15' title="bbox 473 2356 1498 2466; baseline 0 -32"><span class='ocrx_word' id='word_1_100' title='bbox 473 2357 607 2460; x_wconf 74' lang='grc' dir='ltr'>ἡμέρας</span> <span class='ocrx_word' id='word_1_101' title='bbox 625 2359 683 2435; x_wconf 81' lang='grc' dir='ltr'>ἐπὶ</span> <span class='ocrx_word' id='word_1_102' title='bbox 701 2364 752 2464; x_wconf 82' lang='grc' dir='ltr'>τῳ</span> <span class='ocrx_word' id='word_1_103' title='bbox 773 2359 1014 2466; x_wconf 73' lang='grc' dir='ltr'>προειρημένῳ</span> <span class='ocrx_word' id='word_1_104' title='bbox 1033 2359 1133 2466; x_wconf 88' lang='grc' dir='ltr'>τόπῳ</span> <span class='ocrx_word' id='word_1_105' title='bbox 1155 2359 1382 2460; x_wconf 78' lang='grc' dir='ltr'>ἀπάντησον·</span> <span class='ocrx_word' id='word_1_106' title='bbox 1411 2356 1498 2444; x_wconf 75' lang='lat' dir='ltr'>dede</span> 
     </span>
     <span class='ocr_line' id='line_1_16' title="bbox 474 2488 1497 2596; baseline 0 -28"><span class='ocrx_word' id='word_1_107' title='bbox 474 2488 532 2568; x_wconf 82' lang='grc' dir='ltr'>διά</span> <span class='ocrx_word' id='word_1_108' title='bbox 551 2524 589 2568; x_wconf 89' lang='grc' dir='ltr'>τε</span> <span class='ocrx_word' id='word_1_109' title='bbox 608 2495 671 2588; x_wconf 78' lang='grc' dir='ltr'>τῆς</span> <span class='ocrx_word' id='word_1_110' title='bbox 689 2495 760 2589; x_wconf 83' lang='grc' dir='ltr'>σῆς</span> <span class='ocrx_word' id='word_1_111' title='bbox 784 2491 1032 2596; x_wconf 86' lang='grc' dir='ltr'>στεῤῥότητος,</span> <span class='ocrx_word' id='word_1_112' title='bbox 1051 2496 1110 2572; x_wconf 82' lang='grc' dir='ltr'>καὶ</span> <span class='ocrx_word' id='word_1_113' title='bbox 1134 2493 1194 2573; x_wconf 79' lang='grc' dir='ltr'>διὰ</span> <span class='ocrx_word' id='word_1_114' title='bbox 1211 2499 1276 2595; x_wconf 77' lang='grc' dir='ltr'>τῆς</span> <span class='ocrx_word' id='word_1_115' title='bbox 1294 2500 1422 2595; x_wconf 76' lang='grc' dir='ltr'>λοιπῆς</span> <span class='ocrx_word' id='word_1_116' title='bbox 1446 2497 1497 2572; x_wconf 81' lang='grc' dir='ltr'>τῶν</span> 
     </span>
     <span class='ocr_line' id='line_1_17' title="bbox 473 2624 1496 2734; baseline 0.004 -30"><span class='ocrx_word' id='word_1_117' title='bbox 473 2624 669 2704; x_wconf 90' lang='grc' dir='ltr'>συνιόντων</span> <span class='ocrx_word' id='word_1_118' title='bbox 680 2626 871 2732; x_wconf 73' lang='grc' dir='ltr'>ὁμυψύχου</span> <span class='ocrx_word' id='word_1_119' title='bbox 882 2631 939 2706; x_wconf 81' lang='grc' dir='ltr'>καὶ</span> <span class='ocrx_word' id='word_1_120' title='bbox 949 2626 1496 2734; x_wconf 77' lang='grc' dir='ltr'>ὀμόφρονοςσυνέσεως,καὶτούτο</span> 
     </span>
     <span class='ocr_line' id='line_1_18' title="bbox 474 2760 1495 2867; baseline -0.002 -28"><span class='ocrx_word' id='word_1_121' title='bbox 474 2760 560 2860; x_wconf 80' lang='grc' dir='ltr'>ὅπερ</span> <span class='ocrx_word' id='word_1_122' title='bbox 580 2762 662 2864; x_wconf 77' lang='grc' dir='ltr'>ἄχρι</span> <span class='ocrx_word' id='word_1_123' title='bbox 681 2771 744 2839; x_wconf 83' lang='grc' dir='ltr'>τοῦ</span> <span class='ocrx_word' id='word_1_124' title='bbox 770 2767 871 2864; x_wconf 86' lang='grc' dir='ltr'>δεῦρο</span> <span class='ocrx_word' id='word_1_125' title='bbox 891 2763 1040 2867; x_wconf 85' lang='grc' dir='ltr'>φαύλως</span> <span class='ocrx_word' id='word_1_126' title='bbox 1063 2766 1104 2842; x_wconf 90' lang='grc' dir='ltr'>δι’</span> <span class='ocrx_word' id='word_1_127' title='bbox 1126 2764 1281 2867; x_wconf 75' lang='grc' dir='ltr'>αἰσχράς</span> <span class='ocrx_word' id='word_1_128' title='bbox 1299 2799 1397 2850; x_wconf 91' lang='grc' dir='ltr'>τινας</span> <span class='ocrx_word' id='word_1_129' title='bbox 1418 2766 1495 2867; x_wconf 65' lang='lat' dir='ltr'>(oye</span> 
     </span>
     <span class='ocr_line' id='line_1_19' title="bbox 473 2897 1495 2999; baseline 0.004 -25"><span class='ocrx_word' id='word_1_130' title='bbox 473 2898 604 2999; x_wconf 88' lang='grc' dir='ltr'>μαχιάς</span> <span class='ocrx_word' id='word_1_131' title='bbox 617 2898 915 2999; x_wconf 64' lang='grc' dir='ltr'>παραμεμένηκεν,</span> <span class='ocrx_word' id='word_1_132' title='bbox 929 2899 1177 2976; x_wconf 73' lang='grc' dir='ltr'>ἀκουσθέντων</span> <span class='ocrx_word' id='word_1_133' title='bbox 1191 2897 1339 2979; x_wconf 82' lang='grc' dir='ltr'>πάντων</span> <span class='ocrx_word' id='word_1_134' title='bbox 1352 2907 1420 2978; x_wconf 77' lang='grc' dir='ltr'>τῶν</span> <span class='ocrx_word' id='word_1_135' title='bbox 1431 2908 1495 2995; x_wconf 79' lang='grc' dir='ltr'>μιλ-</span> 
     </span>
    </p>
   </div>
   <div class='ocr_carea' id='block_1_6' title="bbox 473 3030 1491 3135">
    <p class='ocr_par' dir='ltr' id='par_1_6' title="bbox 473 3030 1491 3135">
     <span class='ocr_line' id='line_1_20' title="bbox 473 3030 1491 3135; baseline -0.001 -27"><span class='ocrx_word' id='word_1_136' title='bbox 473 3030 612 3109; x_wconf 90' lang='grc' dir='ltr'>λόντων</span> <span class='ocrx_word' id='word_1_137' title='bbox 626 3031 874 3135; x_wconf 84' lang='grc' dir='ltr'>λεχθήσεσθαι</span> <span class='ocrx_word' id='word_1_138' title='bbox 887 3032 987 3134; x_wconf 79' lang='grc' dir='ltr'>παρὰ</span> <span class='ocrx_word' id='word_1_139' title='bbox 1005 3040 1078 3111; x_wconf 87' lang='grc' dir='ltr'>τῶν</span> <span class='ocrx_word' id='word_1_140' title='bbox 1096 3042 1159 3112; x_wconf 86' lang='grc' dir='ltr'>νῦν</span> <span class='ocrx_word' id='word_1_141' title='bbox 1178 3037 1238 3113; x_wconf 82' lang='grc' dir='ltr'>ἀπ’</span> <span class='ocrx_word' id='word_1_142' title='bbox 1253 3034 1425 3133; x_wconf 82' lang='grc' dir='ltr'>ἀλλήλων</span> <span class='ocrx_word' id='word_1_143' title='bbox 1441 3038 1491 3111; x_wconf 83' lang='grc' dir='ltr'>διε·</span> 
     </span>
    </p>
   </div>
   <div class='ocr_carea' id='block_1_7' title="bbox 472 3273 1493 4321">
    <p class='ocr_par' dir='ltr' id='par_1_7' title="bbox 472 3273 1493 4321">
     <span class='ocr_line' id='line_1_21' title="bbox 473 3273 1492 3359; baseline 0.002 -25"><span class='ocrx_word' id='word_1_144' title='bbox 473 3280 593 3335; x_wconf 86' lang='lat' dir='ltr'>tiantur.</span> <span class='ocrx_word' id='word_1_145' title='bbox 637 3278 782 3348; x_wconf 80' lang='lat' dir='ltr'>Quoniam</span> <span class='ocrx_word' id='word_1_146' title='bbox 798 3300 866 3355; x_wconf 85' lang='lat' dir='ltr'>ergo</span> <span class='ocrx_word' id='word_1_147' title='bbox 881 3279 969 3356; x_wconf 91' lang='lat' dir='ltr'>pluri·</span> <span class='ocrx_word' id='word_1_148' title='bbox 1022 3291 1126 3345; x_wconf 86' lang='lat' dir='ltr'>strent,</span> <span class='ocrx_word' id='word_1_149' title='bbox 1147 3280 1274 3345; x_wconf 69' lang='lat' dir='ltr'>adscitis</span> <span class='ocrx_word' id='word_1_150' title='bbox 1290 3281 1458 3359; x_wconf 82' lang='lat' dir='ltr'>designatum</span> <span class='ocrx_word' id='word_1_151' title='bbox 1472 3273 1492 3329; x_wconf 75' lang='lat' dir='ltr'>ln</span> 
     </span>
     <span class='ocr_line' id='line_1_22' title="bbox 474 3360 1492 3440; baseline 0.001 -26"><span class='ocrx_word' id='word_1_152' title='bbox 474 3380 536 3415; x_wconf 92' lang='lat' dir='ltr'>mos</span> <span class='ocrx_word' id='word_1_153' title='bbox 560 3380 596 3416; x_wconf 85' lang='lat' dir='ltr'>ex</span> <span class='ocrx_word' id='word_1_154' title='bbox 626 3360 746 3418; x_wconf 81' lang='lat' dir='ltr'>diversis</span> <span class='ocrx_word' id='word_1_155' title='bbox 774 3360 972 3436; x_wconf 83' lang='lat' dir='ltr'>compluribus</span> <span class='ocrx_word' id='word_1_156' title='bbox 1023 3361 1117 3418; x_wconf 86' lang='lat' dir='ltr'>locum</span> <span class='ocrx_word' id='word_1_157' title='bbox 1140 3360 1176 3418; x_wconf 83' lang='lat' dir='ltr'>ad</span> <span class='ocrx_word' id='word_1_158' title='bbox 1201 3361 1277 3418; x_wconf 92' lang='lat' dir='ltr'>diem</span> <span class='ocrx_word' id='word_1_159' title='bbox 1302 3365 1492 3440; x_wconf 65' lang='lat' dir='ltr'>praedictante</span> 
     </span>
     <span class='ocr_line' id='line_1_23' title="bbox 474 3440 1492 3521; baseline 0.001 -26"><span class='ocrx_word' id='word_1_160' title='bbox 474 3440 544 3496; x_wconf 92' lang='lat' dir='ltr'>locis</span> <span class='ocrx_word' id='word_1_161' title='bbox 579 3441 729 3517; x_wconf 85' lang='lat' dir='ltr'>episcopos</span> <span class='ocrx_word' id='word_1_162' title='bbox 759 3442 786 3496; x_wconf 94' lang='lat' dir='ltr'>in</span> <span class='ocrx_word' id='word_1_163' title='bbox 816 3440 969 3497; x_wconf 82' lang='lat' dir='ltr'>Arelaten·</span> <span class='ocrx_word' id='word_1_164' title='bbox 1023 3442 1169 3499; x_wconf 85' lang='lat' dir='ltr'>conferas:</span> <span class='ocrx_word' id='word_1_165' title='bbox 1209 3452 1243 3498; x_wconf 90' lang='lat' dir='ltr'>ut</span> <span class='ocrx_word' id='word_1_166' title='bbox 1273 3464 1325 3520; x_wconf 91' lang='lat' dir='ltr'>per</span> <span class='ocrx_word' id='word_1_167' title='bbox 1351 3443 1492 3521; x_wconf 80' lang='lat' dir='ltr'>gravitatem</span> 
     </span>
     <span class='ocr_line' id='line_1_24' title="bbox 474 3520 1492 3600; baseline 0.001 -25"><span class='ocrx_word' id='word_1_168' title='bbox 474 3521 548 3576; x_wconf 89' lang='lat' dir='ltr'>sium</span> <span class='ocrx_word' id='word_1_169' title='bbox 564 3521 672 3598; x_wconf 91' lang='lat' dir='ltr'>oppido</span> <span class='ocrx_word' id='word_1_170' title='bbox 687 3520 721 3576; x_wconf 90' lang='lat' dir='ltr'>ad</span> <span class='ocrx_word' id='word_1_171' title='bbox 742 3520 888 3578; x_wconf 81' lang='lat' dir='ltr'>Kalendas</span> <span class='ocrx_word' id='word_1_172' title='bbox 906 3522 970 3577; x_wconf 84' lang='lat' dir='ltr'>Au·</span> <span class='ocrx_word' id='word_1_173' title='bbox 1023 3533 1113 3585; x_wconf 90' lang='lat' dir='ltr'>tuam,</span> <span class='ocrx_word' id='word_1_174' title='bbox 1137 3534 1166 3579; x_wconf 91' lang='lat' dir='ltr'>et</span> <span class='ocrx_word' id='word_1_175' title='bbox 1191 3533 1354 3580; x_wconf 87' lang='lat' dir='ltr'>ceterorum</span> <span class='ocrx_word' id='word_1_176' title='bbox 1379 3524 1424 3600; x_wconf 93' lang='lat' dir='ltr'>qui</span> <span class='ocrx_word' id='word_1_177' title='bbox 1445 3533 1492 3576; x_wconf 76' lang='lat' dir='ltr'>cou-</span> 
     </span>
     <span class='ocr_line' id='line_1_25' title="bbox 473 3601 1492 3685; baseline 0.001 -30"><span class='ocrx_word' id='word_1_178' title='bbox 473 3601 550 3675; x_wconf 81' lang='lat' dir='ltr'>gusti</span> <span class='ocrx_word' id='word_1_179' title='bbox 561 3601 714 3658; x_wconf 86' lang='lat' dir='ltr'>convenire</span> <span class='ocrx_word' id='word_1_180' title='bbox 724 3602 921 3679; x_wconf 73' lang='lat' dir='ltr'>praeopimus,</span> <span class='ocrx_word' id='word_1_181' title='bbox 934 3602 970 3659; x_wconf 88' lang='lat' dir='ltr'>ti·</span> <span class='ocrx_word' id='word_1_182' title='bbox 1022 3603 1137 3659; x_wconf 89' lang='lat' dir='ltr'>venturi</span> <span class='ocrx_word' id='word_1_183' title='bbox 1156 3614 1233 3669; x_wconf 86' lang='lat' dir='ltr'>sunt,</span> <span class='ocrx_word' id='word_1_184' title='bbox 1253 3606 1425 3666; x_wconf 82' lang='lat' dir='ltr'>unanimem,</span> <span class='ocrx_word' id='word_1_185' title='bbox 1444 3612 1492 3685; x_wconf 71' lang='lat' dir='ltr'>coss-</span> 
     </span>
     <span class='ocr_line' id='line_1_26' title="bbox 474 3676 1493 3761; baseline 0.003 -25"><span class='ocrx_word' id='word_1_186' title='bbox 474 3682 502 3737; x_wconf 89' lang='lat' dir='ltr'>bi</span> <span class='ocrx_word' id='word_1_187' title='bbox 518 3683 603 3737; x_wconf 85' lang='lat' dir='ltr'>etiam</span> <span class='ocrx_word' id='word_1_188' title='bbox 617 3702 667 3759; x_wconf 88' lang='lat' dir='ltr'>per</span> <span class='ocrx_word' id='word_1_189' title='bbox 682 3681 793 3738; x_wconf 76' lang='lat' dir='ltr'>litteras</span> <span class='ocrx_word' id='word_1_190' title='bbox 808 3683 970 3757; x_wconf 79' lang='lat' dir='ltr'>significan.</span> <span class='ocrx_word' id='word_1_191' title='bbox 1022 3683 1238 3759; x_wconf 82' lang='lat' dir='ltr'>spirantemque</span> <span class='ocrx_word' id='word_1_192' title='bbox 1253 3684 1440 3761; x_wconf 88' lang='lat' dir='ltr'>prudentiam,</span> <span class='ocrx_word' id='word_1_193' title='bbox 1451 3676 1493 3734; x_wconf 76' lang='lat'>(1¹⁸-</span> 
     </span>
     <span class='ocr_line' id='line_1_27' title="bbox 474 3761 1493 3840; baseline 0.002 -24"><span class='ocrx_word' id='word_1_194' title='bbox 474 3761 543 3817; x_wconf 91' lang='lat' dir='ltr'>dnm</span> <span class='ocrx_word' id='word_1_195' title='bbox 554 3762 697 3826; x_wconf 87' lang='lat' dir='ltr'>duximus,</span> <span class='ocrx_word' id='word_1_196' title='bbox 708 3774 741 3818; x_wconf 87' lang='lat' dir='ltr'>ut</span> <span class='ocrx_word' id='word_1_197' title='bbox 756 3774 874 3839; x_wconf 88' lang='lat' dir='ltr'>accepto</span> <span class='ocrx_word' id='word_1_198' title='bbox 887 3784 903 3819; x_wconf 83' lang='lat' dir='ltr'>a</span> <span class='ocrx_word' id='word_1_199' title='bbox 914 3763 970 3820; x_wconf 87' lang='lat' dir='ltr'>cla·</span> <span class='ocrx_word' id='word_1_200' title='bbox 1022 3763 1129 3820; x_wconf 87' lang='lat' dir='ltr'>eidium</span> <span class='ocrx_word' id='word_1_201' title='bbox 1153 3764 1216 3827; x_wconf 90' lang='lat' dir='ltr'>hoc,</span> <span class='ocrx_word' id='word_1_202' title='bbox 1232 3764 1311 3840; x_wconf 88' lang='lat' dir='ltr'>quod</span> <span class='ocrx_word' id='word_1_203' title='bbox 1332 3764 1403 3821; x_wconf 88' lang='lat' dir='ltr'>male</span> <span class='ocrx_word' id='word_1_204' title='bbox 1419 3764 1493 3819; x_wconf 66' lang='lat' dir='ltr'>hacte-</span> 
     </span>
     <span class='ocr_line' id='line_1_28' title="bbox 474 3842 1492 3921; baseline 0.006 -26"><span class='ocrx_word' id='word_1_205' title='bbox 474 3842 587 3898; x_wconf 89' lang='lat' dir='ltr'>rissimo</span> <span class='ocrx_word' id='word_1_206' title='bbox 606 3843 668 3897; x_wconf 86' lang='lat' dir='ltr'>viro</span> <span class='ocrx_word' id='word_1_207' title='bbox 690 3843 876 3906; x_wconf 86' lang='lat' dir='ltr'>Latroniano,</span> <span class='ocrx_word' id='word_1_208' title='bbox 899 3847 968 3899; x_wconf 92' lang='lat' dir='ltr'>Cor·</span> <span class='ocrx_word' id='word_1_209' title='bbox 1022 3864 1077 3899; x_wconf 90' lang='lat' dir='ltr'>nus</span> <span class='ocrx_word' id='word_1_210' title='bbox 1102 3865 1152 3921; x_wconf 88' lang='lat' dir='ltr'>per</span> <span class='ocrx_word' id='word_1_211' title='bbox 1176 3844 1268 3901; x_wconf 83' lang='lat' dir='ltr'>foedas</span> <span class='ocrx_word' id='word_1_212' title='bbox 1292 3846 1424 3921; x_wconf 87' lang='lat' dir='ltr'>quasdam</span> <span class='ocrx_word' id='word_1_213' title='bbox 1443 3851 1492 3896; x_wconf 72' lang='lat'><strong>⁶⁰¹¹·</strong></span> 
     </span>
     <span class='ocr_line' id='line_1_29' title="bbox 475 3918 1492 4001; baseline 0.003 -25"><span class='ocrx_word' id='word_1_214' title='bbox 475 3934 585 3979; x_wconf 87' lang='lat' dir='ltr'>rectore</span> <span class='ocrx_word' id='word_1_215' title='bbox 611 3923 727 3987; x_wconf 66' lang='lat' dir='ltr'>Siciliae,</span> <span class='ocrx_word' id='word_1_216' title='bbox 752 3923 868 3999; x_wconf 89' lang='lat' dir='ltr'>publico</span> <span class='ocrx_word' id='word_1_217' title='bbox 892 3924 971 3981; x_wconf 88' lang='lat' dir='ltr'>vehi.</span> <span class='ocrx_word' id='word_1_218' title='bbox 1023 3925 1168 3981; x_wconf 86' lang='lat' dir='ltr'>tentiones</span> <span class='ocrx_word' id='word_1_219' title='bbox 1191 3937 1364 4001; x_wconf 81' lang='lat' dir='ltr'>perseverat,</span> <span class='ocrx_word' id='word_1_220' title='bbox 1386 3918 1492 3982; x_wconf 66' lang='grc' dir='ltr'>οταυύ)118</span> 
     </span>
     <span class='ocr_line' id='line_1_30' title="bbox 474 4002 1492 4082; baseline 0 -25"><span class='ocrx_word' id='word_1_221' title='bbox 474 4002 549 4069; x_wconf 80' lang='lat' dir='ltr'>culo,</span> <span class='ocrx_word' id='word_1_222' title='bbox 566 4024 630 4060; x_wconf 91' lang='lat' dir='ltr'>cum</span> <span class='ocrx_word' id='word_1_223' title='bbox 655 4003 769 4059; x_wconf 88' lang='lat' dir='ltr'>duobus</span> <span class='ocrx_word' id='word_1_224' title='bbox 787 4003 850 4058; x_wconf 90' lang='lat' dir='ltr'>aliis</span> <span class='ocrx_word' id='word_1_225' title='bbox 870 4025 970 4061; x_wconf 88' lang='lat' dir='ltr'>secun·</span> <span class='ocrx_word' id='word_1_226' title='bbox 1023 4005 1140 4071; x_wconf 84' lang='lat' dir='ltr'>auditis,</span> <span class='ocrx_word' id='word_1_227' title='bbox 1155 4025 1219 4081; x_wconf 81' lang='lat' dir='ltr'>quae</span> <span class='ocrx_word' id='word_1_228' title='bbox 1235 4006 1271 4062; x_wconf 77' lang='lat' dir='ltr'>nli</span> <span class='ocrx_word' id='word_1_229' title='bbox 1286 4006 1321 4062; x_wconf 88' lang='lat' dir='ltr'>iis</span> <span class='ocrx_word' id='word_1_230' title='bbox 1335 4008 1383 4082; x_wconf 92' lang='lat' dir='ltr'>qui</span> <span class='ocrx_word' id='word_1_231' title='bbox 1396 4007 1492 4082; x_wconf 55' lang='lat' dir='ltr'>interp</span> 
     </span>
     <span class='ocr_line' id='line_1_31' title="bbox 475 4081 1490 4162; baseline 0.005 -26"><span class='ocrx_word' id='word_1_232' title='bbox 475 4081 517 4138; x_wconf 86' lang='lat' dir='ltr'>dae</span> <span class='ocrx_word' id='word_1_233' title='bbox 534 4082 617 4151; x_wconf 87' lang='lat' dir='ltr'>sedis,</span> <span class='ocrx_word' id='word_1_234' title='bbox 635 4103 707 4158; x_wconf 90' lang='lat' dir='ltr'>quos</span> <span class='ocrx_word' id='word_1_235' title='bbox 726 4084 787 4159; x_wconf 86' lang='lat' dir='ltr'>ipse</span> <span class='ocrx_word' id='word_1_236' title='bbox 805 4082 973 4160; x_wconf 77' lang='lat' dir='ltr'>deligendos</span> <span class='ocrx_word' id='word_1_237' title='bbox 1023 4105 1100 4142; x_wconf 89' lang='lat' dir='ltr'>nuuc</span> <span class='ocrx_word' id='word_1_238' title='bbox 1122 4086 1272 4151; x_wconf 87' lang='lat' dir='ltr'>dissident,</span> <span class='ocrx_word' id='word_1_239' title='bbox 1292 4105 1416 4162; x_wconf 85' lang='lat' dir='ltr'>quosque</span> <span class='ocrx_word' id='word_1_240' title='bbox 1434 4090 1490 4159; x_wconf 82' lang='lat' dir='ltr'>pnn-</span> 
     </span>
     <span class='ocr_line' id='line_1_32' title="bbox 472 4158 1488 4245; baseline 0.002 -29"><span class='ocrx_word' id='word_1_241' title='bbox 472 4162 656 4234; x_wconf 83' lang='lat' dir='ltr'>judicaveris,</span> <span class='ocrx_word' id='word_1_242' title='bbox 680 4165 830 4239; x_wconf 84' lang='lat' dir='ltr'>tribusque</span> <span class='ocrx_word' id='word_1_243' title='bbox 852 4185 909 4221; x_wconf 86' lang='lat' dir='ltr'>una</span> <span class='ocrx_word' id='word_1_244' title='bbox 931 4167 972 4222; x_wconf 86' lang='lat' dir='ltr'>fa·</span> <span class='ocrx_word' id='word_1_245' title='bbox 1023 4178 1067 4222; x_wconf 88' lang='lat' dir='ltr'>ter</span> <span class='ocrx_word' id='word_1_246' title='bbox 1082 4165 1180 4223; x_wconf 86' lang='lat' dir='ltr'>adesse</span> <span class='ocrx_word' id='word_1_247' title='bbox 1188 4168 1337 4242; x_wconf 78' lang='lat' dir='ltr'>jussimus,</span> <span class='ocrx_word' id='word_1_248' title='bbox 1350 4168 1378 4222; x_wconf 92' lang='lat' dir='ltr'>in</span> <span class='ocrx_word' id='word_1_249' title='bbox 1390 4158 1488 4245; x_wconf 60' lang='lat' dir='ltr'>medilld</span> 
     </span>
     <span class='ocr_line' id='line_1_33' title="bbox 475 4236 1488 4321; baseline 0.001 -26"><span class='ocrx_word' id='word_1_250' title='bbox 475 4242 570 4306; x_wconf 85' lang='lat' dir='ltr'>rnulis,</span> <span class='ocrx_word' id='word_1_251' title='bbox 586 4248 635 4319; x_wconf 92' lang='lat' dir='ltr'>qui</span> <span class='ocrx_word' id='word_1_252' title='bbox 659 4244 739 4299; x_wconf 70' lang='lat' dir='ltr'>voltis</span> <span class='ocrx_word' id='word_1_253' title='bbox 762 4245 788 4299; x_wconf 92' lang='lat' dir='ltr'>in</span> <span class='ocrx_word' id='word_1_254' title='bbox 806 4245 850 4300; x_wconf 87' lang='lat' dir='ltr'>via</span> <span class='ocrx_word' id='word_1_255' title='bbox 871 4247 969 4302; x_wconf 89' lang='lat' dir='ltr'>minis·</span> <span class='ocrx_word' id='word_1_256' title='bbox 1023 4246 1217 4321; x_wconf 84' lang='lat' dir='ltr'>proferentur,</span> <span class='ocrx_word' id='word_1_257' title='bbox 1230 4247 1265 4303; x_wconf 85' lang='lat' dir='ltr'>od</span> <span class='ocrx_word' id='word_1_258' title='bbox 1282 4247 1401 4304; x_wconf 80' lang='lat' dir='ltr'>debitam</span> <span class='ocrx_word' id='word_1_259' title='bbox 1416 4236 1488 4307; x_wconf 49' lang='grc' dir='ltr'>τιδι’]-</span> 
     </span>
    </p>
   </div>
   <div class='ocr_carea' id='block_1_8' title="bbox 510 4396 1462 4473">
    <p class='ocr_par' dir='ltr' id='par_1_8' title="bbox 510 4396 1462 4473">
     <span class='ocr_line' id='line_1_34' title="bbox 510 4396 1462 4473; baseline -0.001 -17"><span class='ocrx_word' id='word_1_260' title='bbox 510 4418 522 4444; x_wconf 82' lang='lat'>¹¹</span> <span class='ocrx_word' id='word_1_261' title='bbox 534 4425 578 4468; x_wconf 79' lang='lat' dir='ltr'>pro</span> <span class='ocrx_word' id='word_1_262' title='bbox 589 4409 776 4470; x_wconf 82' lang='grc' dir='ltr'>Ἀρηλατηοίων.</span> <span class='ocrx_word' id='word_1_263' title='bbox 913 4422 925 4449; x_wconf 64' lang='grc' dir='ltr'><strong>Χ</strong></span> <span class='ocrx_word' id='word_1_264' title='bbox 942 4414 1010 4471; x_wconf 71' lang='lat' dir='ltr'>depr,</span> <span class='ocrx_word' id='word_1_265' title='bbox 1024 4411 1190 4473; x_wconf 78' lang='grc' dir='ltr'>Κονρὴκτορυς,</span> <span class='ocrx_word' id='word_1_266' title='bbox 1201 4412 1245 4473; x_wconf 79' lang='lat' dir='ltr'>(sie</span> <span class='ocrx_word' id='word_1_267' title='bbox 1262 4414 1366 4460; x_wconf 66' lang='lat' dir='ltr'>l&#39;ulesius</span> <span class='ocrx_word' id='word_1_268' title='bbox 1376 4396 1462 4466; x_wconf 70' lang='lat' dir='ltr'>aliique-l</span> 
     </span>
    </p>
   </div>
   <div class='ocr_carea' id='block_1_9' title="bbox 0 0 2051 5150">
    <p class='ocr_par' dir='ltr' id='par_1_9' title="bbox 0 0 2051 5150">
     <span class='ocr_line' id='line_1_35' title="bbox 0 0 2051 5150; baseline 0 0"><span class='ocrx_word' id='word_1_269' title='bbox 0 0 2051 5150; x_wconf 95' lang='lat' dir='ltr'> </span> 
     </span>
    </p>
   </div>
  </div>
 </body>
</html>
