4092 5150
490 417 534 483 16
836 420 1191 486 ANNOTATIONES

490 588 622 653 Arianis
637 611 803 667 oonsensu,
819 592 859 654 de
875 613 939 676 qua
954 614 988 655 re
1002 591 1146 654 nonnihil
1161 591 1305 655 dicturus
1319 610 1399 655 sum.
1438 591 1544 669 Certe,

488 697 525 754 ut
540 690 588 755 ait
603 690 719 755 (iuvius
733 693 816 756 Hs'st
832 694 896 756 Lis.
914 693 945 756 in
967 715 1043 757 voce
1064 694 1231 769 Lucienus,
1246 693 1279 756 in
1301 692 1384 756 illius
1404 693 1543 777 gratiam

487 793 646 857 trahenda
666 801 754 868 sunt,
771 817 842 879 qum
864 795 905 859 de
926 817 965 859 eo
988 795 1087 859 habet
1103 794 1229 858 Suidas.
1274 793 1313 856 In
1333 795 1394 858 hae
1416 817 1544 880 quoque

488 895 648 980 Apologia
668 895 796 962 (lhn‘sto
816 896 971 961 asseritur
985 896 1155 962 Divinitas.
1201 897 1252 961 Ex
1268 919 1332 961 una
1345 905 1457 962 autem
1478 898 1544 982 epi-

487 997 642 1060 stolarum
663 999 705 1061 ab
721 997 919 1082 Hieronymo
935 1005 969 1062 et
985 999 1084 1063 Suida
1106 998 1157 1062 hio
1179 1010 1429 1063 memoratarum
1446 1000 1542 1064 breve

489 1100 650 1183 quoddam
668 1101 865 1179 ἀπόσπασμα,
882 1100 983 1164 solum
1004 1101 1088 1185 quod
1110 1108 1224 1176 restat,
1246 1100 1378 1185 sumpsi,
1392 1101 1541 1186 idemque

494 1202 584 1286 posui
598 1208 674 1266 ante
692 1201 822 1266 Lueiaui
838 1202 1028 1288 Apologiam
1044 1226 1065 1268 a
1080 1203 1195 1268 Rufino
1211 1202 1327 1268 Latine
1342 1223 1478 1267 versam.
1527 1238 1531 1245 ·

873 1393 1151 1442 -4-

531 1542 642 1606 Exrnr
665 1543 751 1628 apud
775 1541 989 1607 Athanasium
1008 1544 1059 1606 De
1074 1543 1215 1627 synodis,
1230 1565 1261 1608 u.
1276 1562 1326 1628 23.
1348 1565 1379 1629 p.
1391 1563 1464 1631 735.
1488 1546 1539 1609 od.

487 1645 712 1718 Benedictinae,
737 1643 895 1707 Hilarium
919 1645 968 1707 De
990 1644 1130 1726 Syhedris,
1155 1666 1185 1708 n.
1204 1645 1253 1709 28.
1277 1667 1349 1730 pag.
1371 1647 1463 1709 1168.
1489 1647 1538 1710 ed.

485 1746 682 1810 Benedictin.
710 1746 938 1829 Socratemque
958 1745 1041 1809 ffis.
1057 1745 1142 1809 Eeel.
1154 1745 1185 1808 ii.
1204 1766 1250 1809 10.
1280 1747 1430 1830 Confessio
1453 1770 1537 1832 qua»

485 1849 559 1912 dam
586 1848 683 1912 Fidei
703 1847 736 1910 in
761 1846 963 1911 Antiocheno
989 1847 1140 1924 Concilio,
1166 1869 1251 1911 anno
1268 1868 1343 1933 34¹·
1371 1850 1538 1914 oooasione

485 1950 705 2014 Enoaeniorum
722 1950 893 2027 celebrato,
909 1971 1058 2013 unacum
1074 1951 1198 2014 duabus
1218 1950 1288 2014 aliis
1303 1949 1447 2014 formulis
1464 1974 1536 2038 pro

484 2052 560 2126 latu,
585 2074 693 2137 quam,
717 2058 847 2116 auctore
874 2051 1049 2115 Sozomono
1070 2051 1155 2116 Hm.
1180 2052 1263 2116 Eecl.
1281 2051 1322 2116 iii.
1342 2072 1373 2136 5.
1405 2054 1536 2120 aiebant

485 2155 598 2218 Ariani
616 2177 649 2218 se
665 2154 819 2238 reperisse
833 2153 986 2238 seriptum
1001 2175 1098 2217 manu
1112 2153 1210 2238 ipsius
1228 2153 1358 2218 Lueiaui
1374 2157 1534 2241 martyris.

479 2253 614 2337 Ἔλεγον
628 2258 660 2318 δὲ
675 2257 784 2334 ταύτην
798 2257 852 2333 τὴν
866 2256 967 2317 πίστιν
985 2252 1161 2336 ὄλόγραφον
1182 2255 1337 2337 εὑρηκέναι
1357 2261 1534 2335 Λουκιανοῦ,

482 2363 534 2420 τοῦ
554 2356 589 2420 ἐν
604 2359 786 2441 Νικομηδείρ
799 2354 1049 2436 μαρτυρήσαντος,
1067 2357 1173 2438 ἀνδρὸς
1184 2356 1221 2420 τά
1235 2382 1268 2420 τε
1280 2357 1362 2421 ἄλλα
1377 2359 1534 2439 εὐδοκιμω-

482 2457 580 2536 τάτου,
599 2460 713 2524 καὶτὰς
729 2461 809 2537 ἱερὰς
822 2460 941 2540 γραφὰς
957 2461 999 2524 εἷς
1017 2459 1108 2538 ἄκρον
1127 2459 1333 2540 ἠκριβωκότος·
1359 2463 1488 2542 πότερον
1501 2466 1533 2526 δὲ

483 2561 599 2641 ὀληθῶς
620 2565 711 2624 ταῦτα
733 2561 864 2641 ἔφασαν,
880 2557 898 2639 ἢ
918 2558 971 2638 τὴν
993 2561 1071 2625 ἰδίαν
1089 2560 1209 2643 γραφὴν
1229 2567 1478 2642 σεμνοποιοῦντες
1493 2565 1532 2649 τῷ

483 2664 623 2741 diastasin
644 2668 696 2725 τοῦ
717 2660 869 2743 μάρηρος,
885 2663 989 2743 λέγειν
1012 2662 1065 2726 οὔκ
1087 2663 1155 2745 ἔχω.
1192 2663 1272 2727 Haec
1293 2663 1353 2727 ille.
1390 2670 1436 2745 Τῇ
1461 2693 1532 2748 γνη-

482 2768 596 2846 σιότητι
613 2766 739 2851 quidem
756 2764 867 2849 scripti
882 2764 990 2830 lavent
1010 2787 1082 2828 eum
1102 2764 1165 2842 alii,
1186 2774 1255 2831 tum
1273 2788 1347 2830 vero
1363 2768 1479 2833 (iarius
1499 2778 1532 2834 et

482 2867 678 2953 Basnagius3
712 2889 814 2953 neque
841 2867 943 2931 inesse
972 2867 1000 2932 ei
1022 2867 1207 2952 ‚quidquam
1236 2867 1372 2946 videtur,
1401 2872 1485 2955 quod
1511 2894 1532 2936 a

484 2968 614 3034 Luciaui
629 2969 836 3056 temporibus,
850 2968 899 3034 vel
914 2969 956 3033 ah
971 2969 1151 3035 orthodoxa
1164 2971 1237 3047 fide,
1253 2971 1447 3049 abhorreat;
1471 2973 1530 3038 nisi

481 3070 507 3134 si
522 3071 605 3136 forte
620 3070 733 3158 aliquis
747 3094 869 3140 seusus,
881 3078 918 3135 ut
931 3070 1033 3135 verbis
1046 3070 1210 3135 Sozomeni
1223 3079 1307 3149 utar,
1319 3072 1396 3136 mihi
1412 3072 1530 3138 incom-

479 3181 600 3257 pertus,
624 3175 656 3237 in
677 3174 781 3237 verbis
803 3174 871 3258 ejus
892 3173 979 3237 latet.
1026 3172 1081 3236 Sin
1104 3194 1178 3235 vero
1201 3172 1325 3258 phrasis
1347 3174 1454 3258 aliqua
1477 3199 1529 3240 ex-

479 3274 575 3340 istere
598 3277 733 3351 videtur,
750 3277 835 3339 haud
859 3273 1057 3339 satislueiens
1076 3273 1213 3337 fortasse
1234 3276 1439 3359 temporibus,
1457 3300 1528 3362 quae

478 3387 589 3440 secuta
606 3384 689 3451 sunt,
714 3377 747 3440 S.
771 3384 878 3440 tamen
903 3376 1030 3440 Hilario
1053 3376 1237 3459 opuseulum
1262 3376 1416 3461 placuisse
1441 3378 1527 3442 haud

479 3478 618 3544 oblivisci
633 3479 792 3544 debemus.
827 3478 968 3565 Benigne
982 3499 1108 3563 quoque
1123 3485 1241 3562 praeter
1256 3476 1389 3541 Gavium
1405 3479 1527 3545 Basna-

477 3580 626 3665 giumque
649 3582 689 3645 (le
711 3581 770 3645 hae
785 3581 858 3645 fidei
873 3579 1009 3645 formula
1029 3581 1127 3644 sensit
1143 3579 1299 3644 Baronius
1320 3580 1351 3643 in
1367 3580 1462 3645 Notis
1485 3584 1526 3646 ad

478 3685 644 3766 Munyrol.
660 3685 840 3758 Romanum,
860 3683 891 3745 in
912 3705 975 3767 quo
991 3682 1225 3767 Martyrologio
1245 3683 1286 3746 ad
1306 3682 1382 3745 Jan.
1397 3702 1425 3765 7
1442 3683 1527 3748 inter

477 3786 540 3850 alia
560 3786 712 3870 seriptum
732 3792 793 3861 est,
808 3784 912 3849 &sudas
925 3785 1061 3849 Lueioui
1074 3794 1210 3848 sanctum
1229 3784 1379 3848 loannem
1396 3785 1524 3869 Chryso·

475 3897 600 3952 οτοοιαοο
614 3886 824 3961 salebrosum
848 3909 919 3972 quae
935 3886 1062 3972 quidem
1080 3886 1222 3950 Humilia
1243 3886 1347 3951 adhue
1368 3896 1523 3953 servatur.

477 3990 581 4071 Quum
596 4012 670 4053 vero
688 3997 753 4054 tres
773 3989 818 4053 illi
838 3989 1045 4065 Athanasius,
1063 3988 1217 4066 Hilarius,
1233 3989 1443 4074 Sooratesque
1458 3990 1523 4054 for-

475 4092 593 4156 mulam
613 4092 708 4156 istam
725 4091 869 4155 Luciano
890 4090 973 4155 haud
994 4091 1240 4175 adscripserint;
1264 4091 1411 4176 solusque
1428 4092 1523 4159 Sozo-

474 4215 584 4259 meuus
606 4194 802 4258 Asianorum
824 4193 993 4278 praesulum
1017 4194 1241 4270 narrationem,
1265 4195 1305 4258 de
1328 4216 1391 4279 qua
1413 4201 1523 4262 tamen

474 4297 614 4372 dubitat,
637 4296 870 4373 memoraverit,
894 4295 946 4359 vix
969 4296 1115 4381 equidem
1138 4295 1239 4359 ausim
1266 4317 1338 4360 eum
1363 4296 1401 4360 ol.
1429 4298 1523 4363 Bullo

473 4398 649 4483 symbolum
671 4397 758 4462 istud
779 4396 892 4462 afferre
914 4404 1067 4481 tanquam
1090 4420 1111 4462 a
1134 4397 1279 4461 Luoiauo
1302 4397 1523 4464 indubitanter
