4092 5150
474 426 539 488 152
805 424 1187 489 ANNOTATIONES

473 594 569 659 istem
584 615 604 659 a
619 593 786 659 Ferrando
800 595 967 672 sancitam,
982 617 1054 679 qnae
1067 594 1208 660 nonnihil
1219 596 1346 661 resiste
1360 596 1395 660 in
1408 596 1521 661 isidori

476 696 659 770 ΟοΙΙοσιίοιισ,
669 705 703 762 et
717 696 750 760 in
764 697 872 761 Uedios
886 698 1040 762 Οοιιοιιιιιιι
1052 719 1092 762 ex
1107 698 1231 763 dnobus
1246 697 1381 764 MSStis
1394 720 1416 765 s
1425 701 1521 782 Ques·

473 799 1522 886 nelioeditodnCopitulcriquoqueAquiepmmiOomls'dI.oom-

474 912 576 989 pnret.
598 902 660 983 Qui
669 902 752 966 enirn
763 902 795 965 id
805 903 1055 988 ferripossetnt
1064 903 1221 968 renitente
1232 902 1318 967 omni
1329 901 1522 988 antiquitate

473 1004 651 1089 presbyteri
674 1005 827 1089 permissu
853 1005 1035 1090 episcopali,
1055 1004 1104 1069 vel
1132 1005 1243 1090 quovis
1268 1005 1333 1069 elio
1351 1012 1522 1090 proetextn,

474 1129 581 1171 saeros
596 1129 737 1192 unquam
748 1107 919 1172 contudisse
929 1108 1056 1172 ordines
1067 1106 1349 1172 existimarentur?
1364 1108 1415 1172 At
1426 1128 1523 1189 prere

474 1217 582 1274 tamen
592 1209 951 1294 interpretaticcanonis
959 1209 1155 1295 presbyteris
1163 1209 1240 1274 illud
1248 1209 1426 1273 asserebat
1441 1208 1523 1272 Hine

474 1311 584 1375 deesse
598 1311 716 1396 aliquid
732 1312 765 1374 in
780 1311 940 1376 codicibus
955 1312 1020 1376 suis
1039 1312 1092 1376 elii
1109 1311 1215 1376 Latini
1233 1312 1428 1397 interpretes
1441 1310 1524 1375 colb-

473 1413 604 1497 gebant,
629 1424 728 1497 atque
750 1414 797 1478 its
826 1415 972 1499 supplere
997 1415 1171 1501 pergebant
1193 1415 1297 1500 ipsum
1322 1411 1412 1490 illud,
1440 1413 1521 1498 qnod

474 1535 546 1578 oum
581 1515 651 1579 aliis
681 1517 807 1602 quidem
838 1517 1012 1581 canonibus
1046 1525 1079 1582 et
1113 1517 1278 1603 disciplina
1311 1515 1522 1580 modestius

474 1616 555 1681 bene
569 1627 768 1703 congrueret.
813 1620 858 1684 Et
873 1620 1054 1705 hujusmodi
1069 1620 1228 1683 interdum
1245 1616 1338 1681 nobis
1354 1623 1522 1681 occnmunt

474 1741 631 1784 monum
653 1721 874 1787 additamenta
902 1722 950 1787 vel
979 1722 1162 1787 sconoiliis
1189 1718 1406 1806 sequentibus,
1432 1718 1522 1783 vela

474 1821 705 1900 collectoribus,
721 1824 769 1888 vel
792 1825 891 1888 etiarn
910 1826 953 1889 sb
974 1824 1204 1909 interpretibus
1223 1821 1379 1907 profecte.
1424 1820 1521 1884 Simffi

474 1922 571 1986 etiam
587 1924 737 1988 decanea
756 1926 888 1991 adducti
908 1949 977 1991 esse
996 1927 1155 2000 videntur,
1182 1931 1220 1988 ut
1241 1924 1325 1987 idem
1348 1922 1411 1988 heo
1430 1923 1471 1988 de
1490 1945 1521 1986 re

474 2031 653 2089 statuerent
679 2034 828 2092 auctores
850 2030 1051 2105 recentiores,
1080 2026 1314 2103 Hammondus,
1341 2025 1461 2090 Petms
1484 2025 1521 2088 de

474 2125 599 2204 Marce,
623 2127 842 2207 Thorndicius‚
863 2130 1084 2206 Gabessutius,
1105 2128 1312 2214 Binghsmus,
1328 2127 1519 2204 Johnsonus,

473 2228 549 2303 alii3
579 2229 655 2293 dum
679 2231 842 2311 Petnvius,
866 2233 930 2298 alis
954 2234 1079 2299 ratione
1104 2254 1171 2297 rem
1199 2230 1352 2295 medicari
1373 2230 1519 2316 gestione,

473 2333 579 2410 verba,
596 2335 678 2398 ἁλλὰ
697 2338 770 2414 μηδὲ
788 2337 1009 2418 πρεσβυτέρους
1029 2338 1154 2411 πόλεως,
1170 2334 1275 2420 potius
1297 2334 1474 2397 resecanda
1491 2339 1520 2396 et

473 2437 685 2521 expungenda
698 2437 801 2521 jubet
818 2437 850 2500 in
865 2438 957 2502 Notis
969 2437 1015 2501 od
1028 2437 1251 2523 Epspltone'sm,
1265 2443 1344 2500 tom·
1356 2434 1388 2499 ii.
1404 2457 1436 2520 p.
1451 2450 1519 2518 277.

475 2537 671 2623 Eodemque,
686 2540 718 2604 ni
740 2540 843 2617 fallor,
860 2548 985 2626 spectet
1006 2541 1146 2606 varietus
1166 2539 1221 2604 illa
1241 2539 1374 2604 demun
1389 2538 1519 2603 σοόίοιιπ

473 2640 507 2704 in
530 2641 722 2708 bibliotheca
741 2643 915 2708 Bodleiana
929 2645 1120 2708 MSStomm
1135 2645 1176 2709 26
1191 2650 1226 2707 et
1240 2644 1280 2706 62
1282 2659 1314 2727 5.
1336 2642 1413 2706 olim
1431 2642 1518 2705 Iton

473 2742 581 2807 όὶιιιοιι.
598 2767 694 2828 quam
713 2754 789 2811 ante
804 2748 1064 2821 eomnremoravi;
1088 2770 1153 2833 prae
1168 2769 1201 2810 se
1216 2746 1338 2810 ferente
1353 2746 1460 2809 altero
1473 2766 1517 2808 eo

473 2846 607 2910 rundem
635 2848 777 2911 codicum
808 2852 980 2918 ἐπισκόποις
1007 2852 1123 2916 πόλεως
1152 2871 1209 2935 pro
1238 2847 1464 2930 πρεσβντέρους
1490 2872 1516 2910 π.

473 2947 576 3012 altero
590 2957 698 3013 autem
712 2952 926 3017 accusativum
944 2956 1133 3028 ἐπισκόπους,
1149 2953 1204 3016 sed
1224 2951 1311 3014 illum
1326 2958 1445 3034 postea
1457 2971 1517 3012 mn·

473 3056 580 3114 tatum
598 3050 631 3113 in
653 3053 751 3117 dandi
770 3076 875 3119 casnm
899 3057 1081 3131 ἐπισκόποις,
1103 3055 1143 3118 ed
1166 3055 1255 3138 cujus
1277 3062 1389 3117 tamen
1408 3052 1519 3117 codicis

472 3173 563 3215 oram
586 3152 681 3218 lectio
704 3178 781 3220 vera
802 3157 1022 3239 πρεσβυτέρους
1040 3166 1174 3221 exarata
1193 3162 1251 3219 est.
1298 3154 1366 3218 Neo
1388 3155 1518 3218 multum

473 3253 588 3317 diversi
611 3257 736 3340 generis
755 3267 805 3323 est
829 3259 989 3323 Seholium
1010 3259 1043 3322 in
1062 3259 1124 3324 cod.
1140 3260 1235 3344 3385.
1250 3264 1376 3330 extans,
1387 3254 1461 3321 Ὀτι
1473 3256 1518 3319 οὐκ

475 3354 594 3435 ἔξεστιν
611 3364 854 3441 χωρεπισκόπους
873 3369 1091 3445 χειροτοτονεῑν
1110 3364 1230 3437 ἄλλους,
1245 3360 1313 3424 ottt
1334 3361 1518 3431 ἐπισκόποις,

475 3460 510 3521 ἐν
532 3459 616 3543 ἑτέρᾳ
638 3467 784 3547 παροικίᾳ.
830 3463 892 3527 Sed
916 3465 947 3528 ln
969 3466 1090 3550 sort'plt's
1111 3464 1171 3527 illis
1192 3467 1242 3526 26.
1265 3470 1300 3527 et
1314 3467 1390 3547 625.
1415 3462 1518 3545 ἑκάστῃ

474 3582 538 3624 non
554 3562 640 3648 ἑτέρᾳ
654 3564 792 3647 positum
807 3575 864 3630 est.

517 3663 540 3727 J
542 3687 595 3728 am
609 3687 684 3729 vero
699 3668 774 3731 milri
790 3677 987 3753 compertum
1006 3675 1066 3743 est,
1084 3667 1216 3731 Fratres
1236 3664 1377 3729 celebres
1391 3663 1517 3728 Balleri·

474 3765 552 3843 nios,
569 3767 710 3852 aliosque
729 3770 812 3834 viros
829 3772 950 3847 doctos,
961 3770 1123 3855 judicasse
1144 3767 1252 3831 multis
1274 3767 1399 3831 collatis
1419 3775 1517 3830 vetus

474 3871 605 3935 tissimis
642 3894 798 3936 canonum
834 3872 1071 3937 collectionibus
1106 3870 1415 3955 interpretationem,
1452 3890 1518 3955 que

476 3971 657 4036 isidoriana
682 3972 754 4037 ideo
780 3973 886 4037 vocari
909 3971 1001 4049 solet,
1024 3973 1109 4056 quod
1132 3972 1165 4034 in
1187 3970 1383 4035 Collectione
1407 3969 1518 4034 Isidori

474 4073 595 4149 extitit,
625 4082 659 4138 et
697 4076 727 4138 in
762 4099 826 4162 qua
858 4076 1052 4161 conspicitur
1082 4076 1345 4147 additamentum.
1375 4080 1519 4159 ternpore

476 4176 742 4241 Pseudo-Isidori
769 4179 976 4263 praecessisse,
1007 4187 1105 4262 atque
1134 4177 1230 4242 etiarn
1258 4176 1383 4240 duabus
1412 4176 1519 4241 altoris

474 4278 668 4341 versionibus
683 4279 794 4345 Prisca
808 4290 842 4346 et
857 4280 1053 4365 Dionysiana
1067 4280 1279 4365 antiquiorem
1295 4300 1387 4352 οπεος
1417 4286 1518 4344 statu·

475 4380 600 4445 entibus
629 4389 785 4466 praeterea
817 4383 1005 4460 Balleriniis,
1034 4384 1165 4448 eandem
1196 4403 1262 4466 prae
1297 4381 1397 4446 oculis
1426 4382 1519 4446 fuisse
