4092 5150
474 417 538 480 150
807 410 1187 477 ANNOTATIONES

478 589 570 652 1062.
586 585 637 650 ed.
660 583 795 663 Patavii,
809 584 863 647 nbi
883 605 904 649 a
922 583 1044 647 minore
1056 583 1099 647 ad
1119 582 1222 669 majus
1242 580 1435 668 prooeditur.
1476 578 1516 647 Et

474 712 557 754 nuno
572 689 698 752 demum
714 686 950 762 Thorndioinm,
966 706 1060 770 quem
1075 707 1172 769 snpra
1185 683 1370 762 memoravi,
1385 683 1476 748 rideo
1488 683 1518 746 in

473 793 554 856 libro
568 814 626 855 suo
640 792 689 855 De
703 792 834 856 Ratione
847 810 885 852 αο
894 788 974 851 Jure
983 787 1135 852 ditandi
1147 785 1519 851 mammam

473 917 544 980 oap.
556 917 609 958 xx.
625 918 655 979 p.
665 896 740 978 360.
762 901 799 956 ut
819 891 891 955 huie
912 891 1024 954 oanoni
1046 890 1227 955 addendum
1247 911 1319 954 esse
1338 891 1368 953 ri
1385 888 1521 970 πράττειν

474 998 635 1074 ostendat,
646 997 707 1060 etsi
718 997 838 1060 frustra
849 994 893 1071 id,
904 992 1028 1079 opinor,
1038 1001 1172 1058 conatus
1182 1000 1241 1070 est,
1253 992 1302 1056 ita
1312 991 1523 1066 scribentem,-

474 1106 495 1137 “
509 1099 683 1162 Manifesta
707 1097 889 1172 absurdum,
919 1095 1023 1180 majus
1051 1117 1129 1174 esse,
1159 1094 1365 1180 presbyteros
1389 1092 1520 1169 urbieos,

475 1210 497 1239 “
514 1222 610 1286 quam
630 1200 883 1285 chorepiseopos,
904 1197 1089 1262 ordinandis
1108 1196 1302 1283 presbyteris
1320 1195 1520 1280 dissonisque

475 1313 496 1341 “
513 1302 692 1389 prohiberi,
717 1302 800 1386 quod
824 1301 877 1365 iila
898 1301 1034 1365 innuunt
1056 1302 1139 1364 ἀλλὰ
1158 1299 1218 1378 μὴν
1237 1297 1344 1378 padi?
1387 1297 1442 1362 Sia
1463 1297 1519 1373 iile,

477 1404 567 1488 quasi
596 1426 669 1468 vere
700 1405 852 1488 seriptum
882 1409 967 1467 esset
998 1401 1213 1484 πρεσβυτέροις
1246 1404 1375 1467 πόλεως.
1424 1401 1521 1463 Immo

476 1505 599 1583 dubito,
616 1528 657 1570 an
678 1529 749 1570 oum
765 1506 834 1592 ipso
849 1505 902 1568 illo
917 1507 945 1569 ri
960 1503 1109 1586 τρόπεον,
1126 1503 1210 1587 quod
1226 1501 1446 1566 Thorndioius
1459 1502 1520 1566 aiii-

476 1630 537 1692 que
552 1608 661 1672 volunt
676 1609 803 1684 addere,
820 1607 869 1670 hae
885 1606 1012 1691 quidem
1028 1605 1191 1691 partioulae
1205 1605 1285 1669 satis
1304 1605 1388 1669 bene
1403 1613 1520 1670 eonsta·

476 1717 559 1774 rent.
592 1710 654 1773 Sed
670 1710 730 1773 hoe
746 1709 859 1773 obiter.
895 1708 1030 1772 Interim
1045 1707 1105 1771 hae
1119 1707 1255 1771 formula
1270 1707 1430 1780 Zonaras,
1446 1710 1521 1771 ἀλλὰ

475 1813 535 1890 μὴν
559 1816 643 1890 μηδὲ,
669 1834 736 1876 rem
760 1812 938 1895 subjectam
963 1832 1002 1874 eo
1027 1809 1132 1874 aerius
1159 1808 1351 1894 prohibente
1376 1832 1454 1874 usus
1477 1817 1520 1874 est

477 1915 509 1978 iu
519 1915 637 1978 Scholia
646 1915 690 1978 ad
699 1918 853 1979 Coooaem
862 1936 933 1977 xxv.
953 1912 1069 1977 Coaeil.
1081 1911 1224 1996 Carthagi.
1236 1909 1328 1995 enjus
1337 1911 1437 1976 rerba
1446 1910 1521 1974 infra

477 2017 663 2081 describam.

521 2120 642 2182 Verum
655 2119 813 2183 enimvero
823 2119 890 2183 iere
901 2138 1019 2192 omnes,
1031 2115 1107 2199 jura
1117 2116 1170 2200 qui
1182 2123 1314 2180 tuentur
1325 2117 1520 2203 episcopalia,

478 2221 553 2284 dum
569 2219 747 2284 difficultati
768 2220 812 2283 illi
828 2243 868 2285 ex
884 2220 1065 2283 urbicorum
1085 2219 1343 2303 presbyterorum
1368 2221 1521 2284 mentione

478 2322 553 2385 oriri
568 2322 653 2398 visae,
673 2344 735 2385 non
756 2331 884 2387 tantum
904 2322 946 2385 ab
961 2320 1159 2395 adversariis,
1175 2321 1230 2384 sed
1250 2320 1349 2385 etiarn
1366 2344 1387 2386 a
1405 2344 1440 2386 se
1454 2322 1521 2408 ipsis

478 2424 659 2508 propositae,
678 2425 862 2488 satisfacere
880 2424 1022 2509 eupiunt,
1039 2430 1192 2508 tanquam
1212 2425 1314 2488 eoaoti
1337 2425 1521 2491 necessitate

478 2526 593 2611 aliqua,
611 2526 727 2613 quippe
747 2549 819 2591 oum
838 2527 936 2613 probo
957 2527 1074 2591 seirent
1094 2526 1220 2591 ordines
1235 2549 1345 2593 saeros
1365 2551 1386 2594 a
1399 2530 1521 2616 presby·

480 2628 555 2693 teris
570 2630 602 2691 in
617 2629 750 2713 antiqua
764 2630 895 2693 eeclesia
909 2651 1071 2714 nunquam
1089 2629 1223 2693 conferri
1241 2630 1366 2708 solitos,
1380 2633 1425 2697 ad
1438 2633 1520 2698 addi·

478 2740 622 2796 tamenta
638 2732 854 2811 nonnullorum
871 2742 1013 2796 veterum
1028 2732 1237 2816 interpretum
1255 2733 1446 2800 Latinorum
1457 2758 1521 2801 oon·

479 2834 588 2918 fugere
618 2833 794 2899 voluerunt.
840 2837 920 2900 Post
950 2835 1004 2899 illa
1028 2835 1185 2911 nimirum,
1219 2834 1452 2923 Cdorepieoopta
1471 2859 1520 2902 που

478 2936 565 2998 licere
572 2934 759 3019 presbyteros
773 2946 828 3000 eut
842 2937 983 3000 diamaos
994 2937 1148 3015 ordinare,
1165 2937 1262 3002 habet
1280 2938 1396 3004 Isidori
1417 2942 1519 3017 Vera'o,

478 3045 515 3100 ut
530 3058 626 3121 supra
641 3038 764 3101 monuit
780 3039 980 3123 Beveregius,
995 3039 1049 3102 sed
1061 3061 1112 3103 aec
1122 3037 1302 3126 presbyteris
1316 3041 1453 3108 civitatis
1466 3045 1520 3108 τιίιι

478 3139 608 3222 episcopi
622 3149 774 3224 precepto
788 3139 924 3225 amplius
943 3140 1062 3226 aliquid
1082 3142 1247 3226 imperare,
1263 3143 1311 3207 rel
1333 3145 1403 3209 sine
1423 3155 1520 3210 aneto

478 3241 575 3303 ritate
597 3240 761 3303 literarum
776 3241 843 3326 ejus
865 3242 900 3304 ia
921 3264 1101 3327 amaquaque
1116 3243 1268 3327 parochia
1282 3245 1405 3330 aliquid
1426 3269 1518 3333 agere

481 3342 653 3406 Variantur
666 3345 763 3407 verba
778 3344 808 3405 in
824 3345 899 3408 <aliia
915 3344 1138 3408 Coitae-tionibus
1155 3347 1309 3409 anneum
1325 3349 1464 3414 Latinis.

523 3445 588 3508 Ubi
612 3446 713 3530 primo
736 3446 811 3509 illud
834 3448 1025 3511 monendum
1046 3455 1106 3524 est,
1122 3449 1216 3533 hujus
1236 3450 1451 3516 additamenti
1472 3471 1523 3515 neo

480 3547 582 3611 volam
598 3570 655 3611 nee
670 3549 836 3634 vestigium
851 3550 882 3611 in
898 3550 962 3613 ullo
978 3553 1091 3615 Graeeo
1105 3573 1260 3615 canonum
1279 3553 1327 3616 vel
1344 3552 1517 3639 exemplari,

479 3650 527 3712 vel
543 3649 679 3734 digesto,
695 3650 743 3712 vel
759 3651 886 3714 demum
902 3653 1110 3736 expositione,
1126 3654 1319 3739 deprehendi
1336 3678 1441 3740 posse.
1476 3653 1520 3720 Ad

479 3759 757 3828 commentatores,
773 3754 837 3816 sive
856 3756 1062 3839 expositores,
1080 3757 1163 3839 quod
1183 3756 1312 3833 attinet,
1328 3759 1474 3843 exemplo
1487 3756 1519 3821 sit

480 3854 661 3930 Aristonus,
678 3855 730 3938 qui
754 3857 794 3918 ad
817 3865 955 3920 veterem
978 3859 1131 3943 Syaopsia
1148 3861 1307 3923 Cortonam
1328 3882 1401 3924 oum
1417 3861 1520 3925 editam

479 3963 548 4020 tum
564 3956 596 4019 in
612 3957 654 4018 M
653 3957 705 4018 Sto
719 3957 810 4019 Bodl.
824 3961 895 4037 264.
916 3967 1089 4036 extantem,
1106 3960 1159 4024 ubi
1179 3960 1318 4045 positum
1333 3970 1415 4036 erat,
1432 3969 1518 4043 Χορε-

479 4061 625 4124 πίσκοπος
640 4059 675 4120 οὐ
690 4066 856 4140 χειροτονεῖ
869 4062 940 4124 ἄνευ
956 4063 1113 4142 ἐπιτροπῆς
1129 4064 1304 4139 ἐπισκόπου,
1318 4063 1389 4127 haeo
1404 4073 1518 4128 tuntum

479 4155 586 4231 habet,
611 4154 649 4219 Ὀ
671 4159 727 4234 μὲν
754 4160 851 4221 κανὼν
879 4160 963 4225 οὗτος
987 4162 1177 4227 stramineos
1198 4162 1267 4227 τοὺς
1286 4164 1519 4245 χωρεπισκόπονι

481 4259 587 4319 κωλύει
601 4264 784 4338 χειροτονεῖν
800 4261 870 4324 ἄνευ
887 4263 1042 4342 ἐπιτροπῆς
1056 4264 1227 4327 ἐπισκόπου.
1268 4263 1318 4328 De
1333 4272 1409 4329 actu
1424 4264 1518 4347 alique

480 4360 737 4443 presbyterorum
754 4360 892 4425 civitatis
905 4384 1034 4447 prorsus
1053 4362 1139 4426 nihii.
1185 4364 1279 4428 Adde
1295 4366 1380 4450 quod
1400 4366 1431 4428 in
1447 4364 1518 4427 huno

480 4462 608 4525 modum
631 4481 782 4524 canonem
805 4464 952 4550 exposuit
974 4466 1048 4529 MS.
1070 4465 1160 4530 Bodl.
1178 4467 1338 4532 Arabicus
1360 4492 1380 4533 a
1402 4467 1515 4532 Thorn-
