4092 5150
471 433 536 500 sse
766 431 1018 521 RELIQUIAE
1044 430 1228 496 sacam.

474 607 571 687 τοῦτ’
592 601 787 709 ἐλάχιστόν
812 607 891 683 ε’στι
917 602 1018 707 παρὰ
1038 608 1091 709 τῷ
1115 608 1210 708 Θεῷ,
1231 599 1326 690 κατά
1342 635 1382 681 τε
1406 601 1513 682 nonde

474 775 576 842 τητα,
605 744 654 825 ὡς
680 742 832 819 ἐνταῦθα
861 737 1004 842 εἴρηται,
1034 741 1093 817 καὶ
1121 735 1215 817 κατὰ
1240 737 1403 840 με’γεθος,
1428 740 1473 820 ὡς
1498 738 1517 815 ὁ

474 869 627 978 deditis
637 870 857 974 ύτερμεγεθη
869 872 985 975 φησὶν
998 867 1108 960 αύτὸν
1121 865 1221 966 εἶναι,
1234 869 1369 970 λέγων,
1381 867 1390 913 ¹
1402 868 1519 970 Μέγας

478 1005 611 1109 Κύριος
629 1007 688 1084 καὶ
705 1004 840 1089 αἰνετὸς
857 1003 1018 1110 σφόδρα,
1036 1005 1096 1082 καὶ
1112 1007 1178 1102 τῆς
1193 1002 1449 1105 μεγολσσύνης
1463 1003 1520 1081 αύ-

474 1149 540 1221 τοῦ
559 1141 622 1223 οὐκ
640 1139 719 1220 ἔστι
736 1140 861 1242 πέρας.
887 1139 1010 1241 πύσης
1028 1137 1101 1242 γὰρ
1117 1138 1288 1223 αὶνεσεύς
1305 1141 1409 1219 ἐστιν
1430 1137 1536 1231 ‹insi-3

475 1308 576 1382 τερος
588 1274 730 1373 (rcribm
743 1290 803 1349 uult
817 1274 1044 1379 αἰνετύτερος
1062 1270 1348 1381 θαμνομπαντὸς
1359 1278 1517 1374 θαυμασ-

473 1416 544 1508 μοῦ
561 1408 864 1510 θαυμασιώτερος,
882 1411 941 1488 καὶ
954 1406 1079 1508 πάσης
1093 1405 1201 1515 δόξης
1215 1406 1454 1514 ε’νδοξύτερος,
1467 1410 1519 1486 noi

473 1540 609 1628 παντὸς
636 1543 833 1648 ύψύματος
855 1539 1090 1653 ὑψηλότερος·
1122 1544 1171 1626 ὧς
1196 1542 1411 1649 γέγραπται,
1425 1538 1516 1619 ΙιΦο

474 1676 581 1780 σον
610 1675 743 1785 uum
770 1679 829 1755 ο
855 1675 1004 1782 onera
1038 1676 1162 1778 το
1193 1678 1253 1757 καὶ
1280 1672 1517 1775 ορμον

475 1813 667 1892 δυναστεία
694 1813 815 1892 αὐτοῦ’
845 1809 1052 1918 δοξάζοντες
1082 1811 1217 1916 Κύριον
1245 1809 1423 1917 ύψύοατε
1445 1808 1514 1889 καθ
1521 1793 1545 1889 ιο

475 1945 566 2027 ὅσον
597 1945 644 2027 ἂν
668 1947 836 2048 δύνησθε·
867 1946 1027 2054 ὑπερέξει
1058 1945 1130 2051 γὰρ
1160 1948 1219 2032 καὶ
1247 1945 1312 2025 ἔτι.
1344 1946 1404 2027 καὶ
1429 1941 1514 2024 πόλιν

476 2081 583 2184 ἔργον
608 2080 655 2170 ἂν
682 2081 735 2182 εἴη
759 2081 843 2166 τοὺς
869 2080 942 2168 ἀπὸ
970 2087 1044 2163 τῶν
1070 2087 1175 2163 θειῶν
1202 2085 1358 2192 γραφῶν
1381 2111 1511 2177 παμμε·

477 2217 591 2318 γε’θεις
624 2219 753 2316 ὕμνους
778 2217 974 2318 ἐκλέγοντα
999 2215 1274 2319 παρατίθεσθαι,
1303 2211 1355 2293 ὧν
1382 2213 1513 2296 πάντων

478 2348 702 2461 ύτεραινετὸς
728 2352 787 2429 καὶ
819 2348 1108 2456 ύπερνψσύμενύς
1135 2352 1237 2439 ἐστιν
1264 2351 1285 2431 ὁ
1313 2347 1417 2433 ede.
1450 2348 1512 2429 runi

478 2480 591 2563 δὲέπὶ
609 2480 656 2562 τὰ
672 2482 824 2588 ε’χόμενα
842 2487 905 2584 τῆς
923 2485 1107 2589 ἑρμηνείας
1125 2482 1245 2584 ἴωμεν.
1296 2499 1412 2569 Extant
1424 2498 1541 2581 hectun

480 2640 543 2699 sap.
555 2619 603 2678 vii.
621 2639 685 2698 pag.
697 2638 764 2689 ara.
778 2620 821 2678 ed.
834 2620 927 2689 lunii,

534 2898 582 2975 'O
606 2893 670 2992 niv
699 2893 791 2981 Θεὸς
818 2896 918 2975 ἔστιν
945 2898 1013 2993 ἀεὶ,
1035 2900 1093 2975 καὶ
1115 2893 1264 2995 σύμπας
1289 2899 1310 2975 d
1338 2896 1423 2977 αἰὼν
1447 2896 1508 2976 ἐνέ·

480 3080 586 3158 inquit,
616 3078 673 3138 Dei
705 3100 794 3159 opera
819 3080 978 3159 quemlibet
1028 3082 1095 3152 sior,
1118 3082 1256 3159 omnique
1279 3082 1451 3142 celsitudine
1472 3103 1511 3143 er·

478 3181 631 3219 numerum
652 3160 703 3237 qui
728 3161 897 3238 pertransiri
919 3181 977 3219 non
1028 3161 1149 3231 celsior3
1185 3163 1271 3221 sicuti
1303 3164 1443 3242 scriptum
1469 3173 1512 3231 est,

478 3251 585 3320 potest,
607 3240 693 3318 longe
715 3252 870 3319 superant:
898 3241 978 3318 quod
1033 3242 1180 3301 Terribilia
1199 3242 1345 3303 Dominus
1363 3253 1390 3302 et
1411 3254 1544 3323 magnario

479 3322 503 3378 si
531 3341 629 3395 opera,
653 3330 764 3398 quanto
787 3322 878 3399 magis
902 3321 975 3381 iile?
1028 3322 1513 3403 nehemorter,etnirodilispotentio

479 3402 568 3471 Quod
583 3401 659 3459 enim
677 3400 776 3460 nullus
797 3402 884 3459 homo
901 3422 978 3460 asse-
1028 3406 1100 3483 ejus.
1143 3403 1348 3480 Glonfioontes
1378 3405 1515 3464 Βοοιὶανα

479 3482 529 3558 qui
548 3491 655 3560 potest,
667 3492 698 3540 et
712 3482 769 3539 fine
784 3501 882 3540 carere
896 3482 976 3541 vide·
1028 3484 1152 3541 exaltate
1170 3485 1420 3565 quantumcunque
1431 3494 1514 3565 potss-

478 3572 538 3627 tur,
554 3562 609 3619 hoc
630 3562 725 3639 ipsum
740 3573 784 3621 eat
806 3562 871 3619 Deo
892 3562 978 3619 mini.
1028 3563 1112 3621 ritis:
1124 3563 1469 3625 excedetenimetudkac.
1483 3564 1516 3623 Et

479 3661 570 3708 mum,
599 3651 629 3699 et
653 3642 749 3718 quoad
773 3643 977 3725 quantitatem,
1028 3664 1163 3723 maguum
1189 3663 1259 3709 sane
1282 3665 1359 3723 opus
1383 3658 1467 3714 esset,
1488 3646 1545 3712 etti

479 3732 514 3778 ut
525 3721 572 3778 hic
586 3709 702 3789 dicitur,
714 3732 745 3779 et
755 3722 851 3801 quoad
865 3722 977 3800 magui·
1028 3723 1134 3782 divinis
1143 3723 1304 3801 Scripturis
1318 3726 1452 3805 hymnos,
1462 3726 1515 3805 qui·

480 3801 623 3868 tudinem,
645 3812 680 3859 ut
705 3801 839 3860 Psalmus
856 3804 979 3862 immen-
1029 3806 1082 3863 bus
1091 3823 1203 3862 summa
1211 3804 1267 3862 Dei
1277 3804 1442 3865 celebratur
1450 3826 1516 3885 mag·

480 3901 543 3938 sum
566 3901 633 3939 eum
654 3901 716 3940 esse
737 3884 787 3947 ait,
809 3902 874 3940 eum
897 3882 977 3949 dicit,
1028 3883 1142 3951 nitudo,
1158 3883 1290 3961 seligere,
1305 3896 1337 3944 et
1355 3886 1385 3943 in
1400 3887 1514 3946 medium

482 3961 610 4035 Μορπας
630 3961 768 4020 Dominus
782 3972 808 4020 et
823 3963 979 4021 laudabilis
1028 3964 1140 4032 afferre,
1152 3983 1239 4042 supra
1250 3984 1324 4039 quos
1334 3987 1436 4026 omnes
1445 3968 1514 4026 Deus

480 4042 571 4108 valde,
586 4052 613 4098 ct
631 4044 907 4122 magnitudinisque
922 4065 977 4102 non
1028 4043 1115 4103 laude
1153 4055 1183 4103 et
1217 4042 1317 4122 gloriae
1356 4046 1544 4114 eelsitudiue3⁰

481 4123 609 4199 ertfinis.
639 4122 692 4179 Est
706 4124 782 4180 enim
798 4125 876 4181 omni
891 4122 977 4183 laude
1027 4124 1251 4201 longeeffertur.
1281 4121 1512 4186 Nuneautemed

482 4202 622 4278 superior,
633 4204 711 4259 omni
724 4202 914 4263 admiratione
925 4203 977 4262 ad-
1028 4206 1211 4280 sequentium
1256 4206 1510 4287 interpretationem

479 4281 647 4348 mirabilior,
661 4284 739 4341 omni
758 4282 851 4361 gloria
870 4284 975 4363 glorio·
1027 4303 1188 4363 pergamus

645 4411 701 4461 ¹Ps
711 4412 773 4461 cxlv.
786 4427 809 4472 3.
1013 4412 1197 4463 kBoelssiastie
1207 4413 1267 4464 xlm
1277 4428 1317 4480 29,
1324 4428 1365 4477 30.
