4092 5150
597 405 641 466 58
927 404 1285 471 ANNOTATIONES

642 574 679 638 P.
689 575 763 639 28.l.
775 595 821 660 13.
833 578 1237 662 ἔλαθεναύτοὺςᾶνοίᾳτοῢτο
1248 577 1430 661 πράξαντας]
1442 575 1644 640 Proeditoroi

596 678 919 758 opdfeuroe'substitui
931 685 1017 742 τοῦτο
1029 679 1207 761 πράξαντας,
1218 701 1258 743 ex
1269 677 1419 743 codicibus
1429 689 1492 743 octo
1503 680 1643 762 desump-

596 789 689 856 tum;
711 782 786 844 dum
809 803 946 845 eunonee
969 783 1059 846 Petri
1081 805 1191 847 omnes
1212 783 1319 847 omisit
1340 782 1382 845 ad
1404 804 1506 867 usque
1529 781 1643 847 Canon.

599 883 645 945 X.
669 884 740 945 Mu.
763 883 852 946 ceder
873 905 1004 947 numero
1027 887 1078 947 86.
1101 883 1295 968 designatus.
1356 883 1463 948 Vertit
1484 882 1644 948 OEoolom·

597 985 709 1069 podius
734 986 803 1069 jam
833 997 1036 1064 memoratus,
1063 1007 1130 1048 oum
1153 984 1249 1071 ipitur
1273 983 1339 1048 trec
1355 1007 1416 1070 per
1442 985 1644 1069 ipwmntium

589 1086 730 1168 fecerint,
737 1094 888 1171 tanquam
896 1087 921 1150 si
932 1087 1015 1150 idom
1025 1086 1204 1151 invenisset.
1220 1085 1643 1171 NunequoqueMSStorum

596 1187 764 1252 lectionem
774 1193 860 1251 τοῦτο
870 1189 1037 1269 πράξοντας
1046 1189 1213 1252 continuat
1222 1187 1399 1252 Pedalium.
1424 1187 1511 1251 Olim
1523 1188 1643 1274 quidem

596 1291 753 1377 opinabar
767 1292 981 1376 reponendum
996 1313 1065 1355 esee
1085 1292 1197 1354 ἔλαθον
1214 1291 1318 1356 αὐτοὺς
1334 1312 1392 1376 pro
1407 1291 1520 1355 ἔλαθεν
1535 1291 1642 1365 αὐτοὺς,

596 1394 652 1458 eod
670 1394 730 1458 hoe
752 1393 826 1457 ferri
849 1402 966 1479 potest.
1022 1394 1167 1458 Positum
1190 1406 1239 1459 est
1260 1394 1292 1456 in
1308 1394 1437 1458 Uonone
1460 1392 1526 1458 XI.
1552 1397 1578 1459 εἰ
1599 1395 1643 1458 καὶ

597 1494 764 1559 ἐλάνθανεν
779 1496 885 1559 ἑαυτὸν
901 1497 1072 1574 νικώμενον.
1098 1519 1169 1581 pag.
1185 1499 1238 1581 38.
1255 1496 1309 1559 lin.
1324 1516 1356 1581 5.

642 1599 679 1661 Ρ.
706 1616 756 1681 29.
778 1598 798 1660 1.
824 1617 851 1662 2.
875 1599 962 1679 ὅπερ]
996 1601 1066 1662 Hoo
1089 1620 1147 1684 pro
1169 1601 1276 1679 ὅσπερ,
1298 1607 1332 1662 et
1354 1598 1448 1683 paulo
1470 1598 1555 1662 infru
1576 1598 1642 1662 edri

596 1700 639 1764 lin
651 1720 682 1785 5.
699 1722 757 1784 pro
772 1701 869 1776 αὐτὸς,
885 1723 903 1763 e
918 1700 1070 1764 codicibus
1084 1711 1193 1786 reptem
1207 1700 1332 1785 seriptis
1347 1700 1459 1785 reeepi.
1498 1700 1644 1784 'Cumque

596 1826 616 1867 o
645 1802 743 1866 codiee
769 1805 841 1885 625.
866 1803 1117 1866 Rurodieuouiono
1145 1803 1178 1866 in
1204 1804 1273 1867 eud.
1300 1802 1446 1867 biblioth.
1472 1802 1644 1866 Bodleiano

596 1913 722 1968 servato
737 1904 844 1969 absint
858 1908 964 1969 omnia
984 1928 1004 1969 a
1022 1906 1135 1982 verbis,
1155 1908 1243 1985 ἐδόθη
1263 1906 1341 1985 ἡμῖν,
1359 1905 1415 1969 lin.
1435 1925 1463 1968 1.
1486 1928 1586 1991 usque
1604 1905 1643 1969 ed

596 2006 733 2071 Oenonis
762 2008 876 2082 finem;
911 2008 943 2070 in
973 2009 1058 2071 nullo
1088 2008 1186 2093 igitur
1212 2008 1320 2072 oodioo
1350 2007 1470 2092 scripto
1495 2008 1645 2072 lectiones

595 2117 731 2194 rooeptae
760 2120 955 2195 comparent.
1002 2113 1041 2173 In
1072 2109 1240 2174 novissima
1269 2109 1408 2174 editione
1434 2111 1644 2175 conciliorum

596 2215 698 2293 ὥσπερ
713 2213 851 2296 positum
867 2236 936 2277 esse
952 2235 1035 2277 nuno
1050 2213 1150 2277 video.

642 2315 723 2379 Ibid.
739 2316 757 2379 l.
780 2337 827 2380 Η.
850 2318 917 2397 περὶ
938 2316 1051 2394 rie—du
1072 2320 1112 2401 τῷ
1135 2319 1261 2394 στόματι
1283 2316 1410 2402 ἑαυτῶν]
1446 2314 1543 2378 Hane
1559 2313 1645 2379 Peon·

595 2417 763 2502 pericopen
778 2441 817 2482 ox
832 2419 961 2503 quinique
977 2418 1102 2482 restitui
1114 2419 1157 2481 M
1156 2416 1256 2493 setis,
1269 2438 1340 2500 quae
1355 2423 1486 2501 propter
1501 2418 1535 2480 τὸ
1551 2419 1646 2496 ὁμοιο-

595 2521 736 2584 τέλευτον
751 2520 887 2585 antehae
903 2520 935 2584 in
950 2521 1071 2584 Graeeis
1086 2519 1203 2584 omisso
1223 2527 1303 2584 orat.
1349 2518 1411 2583 Sed
1434 2519 1535 2583 donee
1551 2518 1644 2584 Βενθ-

597 2624 701 2707 regius
730 2624 931 2708 suppleverat
961 2632 1035 2687 ooto
1064 2625 1171 2701 verba,
1197 2645 1268 2707 quae
1295 2622 1437 2707 proximo
1461 2638 1645 2706 sequuntur,

595 2725 692 2789 etiam
718 2725 820 2810 magis
845 2747 957 2789 maneo
979 2725 1084 2789 fuerat
1106 2724 1220 2801 oratio,
1243 2725 1285 2788 od
1308 2746 1378 2809 quae
1401 2724 1529 2807 quidem
1552 2726 1645 2789 verba

595 2827 639 2891 ita
654 2835 766 2912 posteo
784 2827 981 2901 theudoinus,
998 2836 1016 2863 “
1028 2826 1109 2889 Haeo
1125 2849 1195 2910 queo
1211 2826 1327 2891 omisso
1348 2834 1449 2903 erent,
1466 2828 1645 2912 supplemus

596 2941 615 2965 “
630 2952 670 2993 ex
693 2929 766 2993 MS.
791 2929 869 3014 Reg.
894 2929 1006 3013 2038.”
1064 2928 1253 3013 Beveregius
1275 2929 1402 3014 quidem
1423 2929 1580 3009 ediderat,
1603 2933 1646 2994 ὅτι

594 3033 711 3111 Ἰησοῦς
738 3033 868 3114 Χριστὸς
894 3054 952 3116 pro
978 3031 1040 3107 illo,
1065 3033 1111 3094 ὅτι
1134 3034 1240 3112 Κύριος
1261 3030 1386 3111 Ἰησοῦς.
1442 3032 1546 3117 Atqui
1568 3034 1646 3097 dunt

595 3134 730 3199 alterum
751 3138 797 3198 ὅτι
819 3138 925 3216 Κύριος
943 3135 1070 3213 Ἰησοῦς,
1089 3157 1153 3198 uno.
1172 3157 1244 3198 oum
1261 3135 1426 3199 Herduioi
1444 3136 1540 3200 Meto
1562 3136 1644 3201 codd.

595 3239 654 3301 mei
668 3260 764 3302 emm
779 3247 896 3322 praeter
915 3238 979 3301 eod.
1003 3257 1075 3322 205.
1098 3239 1130 3301 in
1153 3260 1216 3323 quo
1237 3246 1345 3302 tamen
1369 3245 1471 3316 extet,
1495 3240 1643 3323 quemad·

594 3342 723 3404 modum
746 3342 778 3403 in
801 3340 1010 3403 Alenoudru'no
1033 3340 1116 3403 Noui
1143 3342 1321 3404 Testamenti
1343 3341 1451 3416 MSto,
1474 3342 1520 3405 ὅτι
1544 3344 1646 3423 Κύριος

593 3442 708 3520 Ἰησοῦς
723 3445 860 3523 Χριστός.
905 3442 1055 3505 Ceterum
1070 3443 1164 3527 paulo
1179 3452 1255 3506 unte
1270 3443 1461 3527 Beveregius
1476 3444 1646 3529 Mudiqm

595 3544 707 3608 codices
726 3543 891 3607 Bodleioei
912 3544 1123 3623 μεμαθήκαμεν
1145 3567 1202 3629 pro
1221 3545 1390 3624 μεμάθηκεν
1409 3545 1501 3609 nobis
1521 3547 1643 3631 praebu·

595 3657 696 3712 erant.
743 3648 807 3710 Por
821 3648 889 3711 haeo
909 3656 1018 3711 autem
1037 3648 1144 3712 omniu
1163 3669 1284 3711 meeum
1304 3648 1506 3714 consentiunt
1525 3658 1646 3714 veteres

598 3750 826 3835 (Ecolonpadii
840 3748 1029 3832 Heroetique
1045 3750 1331 3834 memorationem
1362 3751 1458 3814 immo
1481 3751 1646 3815 Pedalium

595 3857 789 3923 (iuncorum,
803 3852 887 3935 quod
903 3874 985 3914 nune
1000 3853 1127 3915 deinum
1143 3853 1216 3916 vidi.
1263 3854 1374 3916 Habet
1390 3876 1515 3939 quoque
1532 3854 1647 3940 Syllae

604 3958 710 4018 Veneta
725 3954 943 4034 μεμαθήκαμεν.

1003 4123 1158 4187 ΟΑΝΟΝ
1184 4125 1240 4186 VI.

640 4269 678 4329 P.
693 4286 746 4350 30.
761 4267 781 4329 Ι.
798 4286 829 4350 3.
846 4267 1112 4346 καταπειληθέντες
1125 4267 1170 4351 τε]
1194 4267 1224 4330 Ν
1226 4289 1286 4331 une
1308 4268 1446 4351 adjioore
1461 4268 1538 4331 mihi
1559 4267 1647 4332 licuit

595 4371 710 4434 iterum
725 4370 792 4433 haeo
808 4369 913 4432 edenti
930 4370 1118 4454 particulam
1134 4372 1166 4432 τὲ
1181 4392 1220 4434 ex
1236 4370 1379 4433 Pedalie.
